2700 4186
187 226 230 308 98
515 227 629 283 FIRST
656 225 777 283 LATIN
804 225 968 283 READER

188 407 230 470 ad
247 415 359 488 regem
377 412 570 488 supremum
588 406 717 468 mittere
734 406 867 468 volebat
881 404 975 482 (nam
997 407 1070 486 ipse
1092 425 1225 488 quoque
1242 409 1295 470 tri·

189 511 304 574 butum
334 512 480 592 pendere
507 508 712 591 cogebatur),
741 509 782 571 ab
815 511 1025 571 Americanis
1052 509 1233 590 postulavit
1259 519 1297 572 ut

190 621 273 676 nave
290 621 350 677 suri
368 617 453 677 hanc
465 633 532 676 rem
548 613 763 694 susciperent.
812 613 1006 675 Praefectus
1019 611 1145 692 scilicet
1157 620 1194 676 se
1206 614 1297 677 nelle

190 719 379 799 respondit3
404 718 462 780 sed
487 725 551 791 rex,
571 723 589 748 ‘⁴
602 717 723 779 Ndnne
740 725 826 778 servi
849 716 929 779 estis
941 716 952 778 l
964 716 982 739 ”
1006 717 1132 799 inquit:
1158 723 1297 781 “nenne

167 821 348 898 stributum
363 822 442 883 mihi
456 820 624 901 penditis?
665 821 764 882 Hanc
777 840 847 881 rem
861 821 1027 882 mehercle
1040 820 1104 884 nisi
1116 821 1296 884 censestim

137 927 145 941 '
191 926 387 1005 suscipietis,
406 931 507 987 naves
530 931 647 986 omnes
671 921 904 998 Americanae
923 945 1008 1006 quae
1031 927 1065 989 in
1088 935 1171 988 mari
1191 925 1298 988 Medi-

191 1037 344 1092 terranef)
360 1029 529 1109 navigant,
547 1035 566 1089 a
584 1035 697 1108 piratis
714 1029 825 1090 statim
847 1029 1053 1110 capientur.¹’
1101 1029 1297 1092 Praefectus

192 1134 291 1214 igitur
307 1135 419 1196 anime
435 1134 523 1195 haud
545 1141 653 1214 aeque
672 1132 868 1214 Byzantium
892 1135 1057 1216 proticisci
1073 1139 1207 1196 cossactus
1223 1143 1297 1196 est:

194 1236 247 1296 uhi
258 1244 369 1296 autem
380 1240 436 1295 rex
449 1239 625 1314 supremus
639 1233 858 1295 Americdnds
872 1242 1002 1296 summe
1012 1232 1139 1313 accepit
1153 1233 1296 1310 honere;

154 1357 334 1420 meumque
351 1336 569 1411 discederent,
587 1339 664 1399 duci
679 1337 778 1399 etiam
796 1338 888 1401 dedit
904 1338 1060 1418 dipldma.

237 1443 321 1507 Cum
347 1443 441 1505 navis
467 1453 580 1525 paucis
607 1454 682 1525 post
707 1443 825 1506 diebus
850 1442 891 1505 ad
917 1442 993 1504 litus
1020 1425 1157 1504 l'liricae
1182 1460 1298 1503 rursus

193 1547 335 1630 appulsa
351 1558 448 1621 esset,
466 1555 523 1609 rex
540 1532 732 1622 hirica‘mus,
750 1553 806 1629 qui
830 1547 895 1610 iam
919 1545 1040 1608 oblitus
1061 1554 1132 1608 erat
1152 1551 1190 1606 se
1205 1543 1299 1625 polli-

193 1651 294 1715 citum
307 1672 382 1715 esse
394 1652 475 1713 nihil
488 1653 631 1733 amplius
645 1652 686 1714 ab
700 1651 910 1713 Americenis
928 1649 1128 1730 postuletum
1141 1657 1190 1720 tri,
1207 1667 1300 1728 prae-

193 1757 319 1820 fectum
351 1754 446 1818 iussit
485 1755 603 1818 iterum
645 1755 839 1838 Byzantium
874 1753 1051 1833 navigare3
1090 1771 1234 1832 cumque
1266 1751 1300 1813 id

156 1868 371 1935 15recr'rsz'1ret,
400 1859 501 1922 etiam
528 1870 668 1922 mortem
694 1869 904 1940 praesentem
933 1857 1076 1919 minatus
1103 1864 1163 1918 est.
1213 1856 1300 1917 Tum

195 1966 385 2047 praefectus
409 1963 557 2046 dipldma
581 1964 742 2045 porrexit3
766 1969 832 2043 qus)
855 1968 935 2035 viss),
952 1969 1065 2022 tantus
1088 1960 1187 2021 timor
1209 1958 1301 2040 regis

195 2069 340 2131 animum
363 2069 546 2148 occupavit,
565 2077 601 2130 ut
624 2061 721 2130 venia
744 2064 1016 2128 contumeliarum
1043 2069 1146 2142 petita
1169 2061 1303 2126 Ameri-

194 2178 296 2236 cands
312 2170 384 2234 sine
401 2177 493 2234 morat
508 2170 614 2234 redire
632 2171 765 2233 domum
784 2175 961 2250 pateretur.

620 2337 805 2430 nnssou
841 2363 883 2426 82

514 2518 545 2586 A
572 2517 762 2599 Successful
781 2513 986 2591 Ambuscade

241 2659 291 2723 Εὖ
316 2669 476 2742 tempore,
503 2666 570 2742 qus)
595 2657 705 2722 coldni
731 2674 807 2716 cum
836 2652 1000 2733 Philipps,
1028 2657 1108 2730 rege
1136 2649 1301 2713 Inddrum

157 2764 294 2835 auclard,
311 2763 434 2825 bellum
452 2764 622 2845 gerebant,
641 2759 765 2842 oppidd
788 2756 930 2838 quddam
948 2753 1129 2817 §barbaris
1150 2752 1301 2830 incense,

241 2909 263 2942 ι.
290 2893 380 2953 regem
397 2893 567 2955 supremum:
597 2889 640 2942 ἐι.
673 2889 720 2940 the
818 2900 857 2934 ιο.
886 2882 1020 2946 dipldma:
1049 2896 1104 2932 acc
1124 2877 1194 2948 sing.
1211 2876 1247 2932 ol
1260 2879 1303 2930 dl·

196 2971 300 3025 Sultan.
772 2967 868 3030 pldma.
884 2963 958 3026 atis,
971 2974 1011 3026 m,
1019 2962 1163 3030 passport.

239 3069 264 3102 2.
290 3052 419 3116 pendere:
442 3048 615 3121 cf.p.97‚l.
636 3063 718 3118 15-
815 3061 855 3107 13.
882 3043 1051 3109 postulitm
1073 3042 1122 3091 iri:
1157 3036 1230 3091 what
1258 3036 1303 3092 lu·

194 3135 244 3186 eb:
265 3147 303 3184 o.
770 3121 837 3176 fin?

239 3231 264 3277 4.
272 3130 393 3263 sndnne:
425 3213 471 3263 ele.
486 3215 632 3270 n6n÷nez
664 3209 720 3264 this
817 3219 855 3268 ις.
882 3206 1031 3258 recueiret:
1059 3199 1138 3268 oh'ect
1164 3204 1209 3254 roe
1233 3194 1303 3251 eub-

194 3291 383 3348 combiuation
403 3306 527 3345 assumes
548 3291 595 3346 the
614 3305 720 3345 answer
768 3285 832 3357 ieet,
864 3285 1026 3352 praefectus.
1042 3283 1206 3331 -miuatus
1237 3279 1300 3332 eet:

194 3373 294 3444 “yses'‘
772 3367 866 3431 minor,
884 3381 904 3430 ι,
917 3366 1053 3420 threaten.

240 3471 264 3517 5.
291 3453 438 3503 mehercle:
477 3451 656 3522 interjectiom
689 3451 721 3519 by
817 3453 858 3498 16.
884 3449 1018 3512 dipldme:
1038 3445 1070 3498 cl.
1087 3447 1102 3496 l.
1123 3456 1163 3495 ιο.

194 3553 240 3604 my
266 3531 403 3590 halidome
433 3530 473 3584 lit.
501 3536 544 3602 (so
568 3532 645 3601 help)
670 3547 720 3596 me,
817 3543 857 3591 17.
883 3528 1120 3580 contumeliirum:
1152 3519 1186 3577 cf.
1206 3537 1235 3591 p.
1255 3536 1304 3592 93,

195 3617 336 3670 Hercules.
772 3608 792 3664 l.
806 3622 832 3672 4,
845 3606 900 3660 and
913 3607 961 3660 the
974 3613 1047 3659 note.

239 3701 264 3746 8.
291 3694 472 3759 Byzantium:
510 3694 642 3746 translate
675 3689 722 3744 the
819 3705 859 3752 1⁹·
886 3691 953 3754 qud:
991 3686 1079 3748 when,
1119 3684 1158 3739 lit.
1194 3684 1305 3755 during

194 3790 244 3833 eet
266 3775 372 3834 “tor'';
391 3778 417 3828 ct
442 3791 459 3842 p
482 3774 556 3840 97.l.
574 3785 615 3841 19.
775 3767 872 3823 whe'ch.
