2700 4186
472 216 585 281 eraso
611 217 734 280 initu
760 217 924 272 assoon
1188 235 1245 298 131

142 393 203 457 Cn.
228 394 427 476 Pompeium
444 393 578 458 adeum
597 395 685 458 misit
700 402 865 477 rogotum,
883 405 920 458 ut
938 395 1000 459 sibi
1024 394 1247 481 militibusque

145 507 306 578 parceret.

562 707 746 775 LESSON
782 723 861 791 107·

378 892 612 959 Annilzihtion
634 895 676 976 os
691 893 744 955 tlte
765 893 898 957 Roman
921 893 1018 958 Force

191 1056 264 1120 Rex
274 1056 449 1138 respondit
461 1055 542 1130 nihil
555 1057 714 1118 Romonis
725 1056 910 1119 timendum
921 1075 1004 1131 esse,
1019 1063 1122 1139 soque
1133 1055 1247 1122 Sabini

154 1157 249 1241 ipsius
267 1160 410 1222 salutem
427 1167 606 1242 praestore,
624 1167 652 1221 si
668 1160 723 1222 ille
740 1160 783 1222 ad
799 1158 998 1242 colloquium
1014 1169 1127 1224 venire
1138 1162 1256 1226 vellet'

154 1262 224 1345 Quo
247 1261 371 1338 audito,
390 1263 489 1327 Cotta
511 1274 626 1351 tamen
648 1263 784 1343 negovit
807 1263 849 1326 ad
873 1271 1036 1326 armotum
1061 1265 1190 1328 hostem
1215 1272 1250 1328 se

153 1365 280 1445 itorum,
298 1377 398 1449 atque
414 1366 447 1429 in
464 1375 504 1430 eo
520 1367 753 1448 persevoraivit.
802 1367 945 1430 Sabinus
968 1377 1079 1429 autem
1099 1367 1249 1435 tribunos

154 1473 289 1535 miiitum
312 1467 601 1553 centurionesque
637 1478 693 1552 qui
727 1470 905 1534 adstobant
939 1478 976 1533 so
1010 1481 1105 1552 sequi
1135 1471 1249 1551 iussit:

153 1594 291 1658 cumque
316 1574 452 1660 propius
473 1575 702 1656 Ambiorigem
722 1576 927 1651 accessisset,
944 1576 1055 1637 iussus
1074 1595 1168 1639 arma
1187 1576 1249 1639 abi.

154 1699 233 1753 cere,
262 1679 446 1761 pituitae
477 1689 544 1742 suis
571 1690 607 1742 ut
634 1679 721 1741 idem
749 1679 902 1742 iacerent
927 1679 1113 1760 imperovit.
1160 1678 1249 1745 Dum

102 1794 260 1846 eoautem
277 1783 322 1844 ibi
339 1783 381 1845 do
400 1783 650 1846 condicionibus
672 1783 759 1845 inter
782 1789 818 1844 so
841 1792 955 1864 agunt,
974 1783 1119 1846 Sabinus
1142 1784 1249 1866 paulo·

155 1886 207 1948 tim
223 1887 472 1960 circumventus
487 1894 507 1949 ῑι
524 1887 627 1950 Gallis
644 1896 773 1950 occisus
790 1897 849 1949 est.

192 1991 280 2052 Tum
308 1998 388 2053 voro
418 1991 531 2054 hostes
559 1990 767 2055 sustulerunt
794 1991 965 2064 ululotum
993 1990 1189 2075 impetuque
1219 1991 1251 2057 in

156 2102 281 2158 nostros
306 2094 396 2157 iacto
419 2095 553 2158 ordines
581 2096 868 2177 perturbovorunt.
917 2095 970 2158 Ibi
1000 2096 1037 2159 L.
1069 2097 1168 2160 Cotta
1197 2117 1251 2178 pu-

157 2207 259 2278 gnons
286 2200 383 2281 periit
408 2220 483 2262 cum
509 2201 652 2262 maximo
680 2209 774 2280 parte
802 2199 952 2261 militum.
1001 2200 1135 2282 Reliqui
1161 2207 1198 2263 so
1220 2201 1250 2264 in

102 2301 290 2369 ¹5hiberna
314 2311 521 2384 recoperunt,
539 2306 629 2367 unde
653 2315 748 2367 erant
771 2310 879 2384 nuper
903 2311 1038 2384 egressi.
1084 2286 1252 2386 'Equibus

159 2403 189 2468 L.
208 2408 412 2471 Petrosidius
428 2407 592 2489 aquilifer,
610 2411 712 2469 homo
728 2414 924 2487 magnorum
941 2409 1069 2482 virium,
1087 2429 1161 2470 cum
1180 2415 1251 2470 con·

157 2507 331 2600 fertissimi
354 2511 566 2579 multitudine
589 2510 734 2573 hostium
758 2518 973 2591 premerotur‚
999 2512 1142 2592 aquilam
1168 2513 1250 2576 intro

157 2616 274 2677 vollum
297 2613 445 2696 proiecit,
468 2615 540 2697 ipse
561 2621 623 2696 pro
644 2621 760 2676 castris
782 2613 963 2682 fortissimo
984 2622 1141 2696 pugnons
1157 2614 1251 2677 inter-

156 2714 260 2782 iectus
276 2728 337 2782 est.

108 2831 150 2874 ²0
195 2822 342 2886 Romoni
356 2829 456 2904 aegro
477 2822 520 2885 ad
544 2832 675 2886 noctem
699 2822 985 2904 oppugnotionem
1010 2822 1252 2898 sustinuorunt;

213 3026 236 3065 1.
264 3010 676 3081 cn.:i.e.0naeus(Gnaeus).-
726 3011 786 3064 ard
805 3010 909 3074 bearer,
938 3008 978 3063 lit.
1008 3010 1081 3080 eaglo
1104 3011 1254 3065 boam.—

157 3096 289 3156 matum:
310 3090 343 3145 cf.
355 3095 481 3158 petitum,
493 3109 519 3160 p.
532 3105 574 3161 95,
588 3091 606 3143 l.
624 3105 665 3160 13.
728 3090 813 3145 Aside
831 3089 899 3144 irom
922 3090 969 3142 the
991 3091 1138 3144 standards
1157 3091 1189 3145 oi
1207 3090 1253 3143 the

212 3191 236 3236 4.
264 3174 363 3225 vellet:
384 3171 419 3225 ci.
433 3171 480 3224 the
498 3179 563 3224 note
578 3187 615 3224 on
630 3174 677 3223 ati·
727 3171 846 3236 cohorts‚
860 3170 928 3224 each
946 3169 1040 3240 legion
1058 3170 1162 3224 carried
1177 3187 1193 3222 a
1209 3170 1253 3223 sil-

158 3256 316 3319 moveantur,
329 3269 357 3321 p.
371 3252 414 3317 61,
427 3252 445 3304 l.
464 3247 504 3316 14.
727 3269 775 3304 ver
802 3251 1052 3321 eagle.-virium:
1085 3250 1153 3305 from
1182 3251 1253 3303 what

212 3341 236 3386 o.
263 3337 310 3387 eo:
333 3332 438 3404 (neut.)
454 3349 537 3386 noun.
728 3349 802 3385 nom.
827 3332 919 3402 sing.?
956 3331 1025 3384 Give
1050 3348 1128 3386 some
1152 3329 1184 3385 oi
1207 3331 1254 3383 the

213 3421 236 3467 8.
263 3415 388 3481 propius:
409 3413 473 3465 with
492 3413 539 3466 the
555 3412 629 3467 force
644 3407 676 3466 of
728 3411 872 3483 meanings
886 3411 917 3466 of
926 3412 972 3465 the
985 3412 1116 3481 singular.

161 3502 266 3566 aprep„
279 3497 354 3566 quite
365 3511 435 3547 near
446 3500 481 3546 to.
775 3510 814 3556 17.
840 3495 975 3558 aquilam:
1013 3494 1113 3559 aquila,
1141 3507 1192 3559 ue,
1216 3504 1255 3558 1²„

214 3593 238 3639 ⁹·
265 3578 351 3629 idem:
372 3583 437 3630 note
451 3574 498 3628 the
509 3574 623 3645 gender.
728 3573 809 3643 tagla.

203 3671 238 3720 14.
263 3657 555 3710 cum:i.e.i1nocum.
773 3661 812 3706 18.
840 3655 914 3720 ipse:
942 3656 1030 3706 autem
1054 3670 1115 3723 may
1136 3650 1172 3708 be
1192 3668 1253 3722 sup

203 3744 239 3790 io.
264 3737 396 3807 aquilifer·
407 3738 478 3808 (eri,
494 3737 562 3805 u.):
582 3735 679 3788 stand·
728 3732 811 3803 plied.
