2700 4186
165 227 206 306 64
491 228 605 286 rrrsr
630 229 759 317 curru
780 230 944 288 annum

164 411 259 491 gredi
282 371 488 487 veilent3⁰in
515 408 588 473 lacu
618 421 727 474 autem
756 411 843 474 ultrei
869 410 1018 494 citrirque
1045 413 1139 476 navis
1167 412 1267 495 longa

165 514 292 577 Gallica
307 514 496 595 navigabat,
513 521 556 576 ne
572 514 646 596 quis
662 513 707 576 ibi
723 515 857 596 scaphis
873 522 1014 578 transire
1030 527 1154 598 posset.

208 617 402 680 Americani
419 618 543 681 scilicet
562 624 681 680 navem
700 619 834 699 longam
854 618 916 680 sibi
936 620 1048 682 statim
1068 619 1266 702 capiendam

163 710 238 785 esse
250 721 494 795 intellexerunt.
541 722 756 804 Concilir‘rque
768 729 960 797 convocati),
975 743 1050 787 curn
1066 726 1179 788 variae
1195 746 1267 789 sen-

139 825 288 898 stentiae
310 826 418 889 dictae
439 837 561 901 essent,
580 826 689 889 subita
708 826 838 907 legatus
860 828 1003 909 quidam,
1024 814 1187 893 maximae
1206 831 1266 892 vir-

163 930 244 994 tutis
261 932 321 1007 vir,
345 929 537 1012 imperaturi
553 931 685 1013 “Ege”
702 931 818 1013 inquit,
837 936 895 995 “si
916 931 998 995 mihi
1016 933 1137 996 milites
1156 953 1214 996 sex
1233 943 1266 998 et

163 1044 287 1098 cunetis
299 1036 480 1117 compluris
493 1036 597 1112 dabis,
609 1036 760 1099 celeriter
771 1056 842 1099 rem
854 1036 1061 1100 crinfieiam.”
1102 1037 1265 1102 Militibus

163 1150 343 1222 cuneisque
356 1141 451 1216 datis,
466 1141 596 1221 legatus
611 1150 710 1203 nocte
723 1140 925 1221 intempesta
938 1140 980 1203 ad
993 1148 1113 1204 navem
1130 1141 1265 1223 longam

163 1246 246 1307 clam
261 1245 386 1326 scapha
398 1255 513 1308 vectus
529 1255 595 1319 est;
613 1245 669 1307 ubi
685 1253 809 1306 cunetis
826 1252 872 1307 sic
888 1247 1036 1319 inseruit,
1050 1254 1088 1307 ut
1102 1244 1266 1326 guberni-

123 1348 237 1410 rocula
252 1349 378 1411 nullam
394 1349 428 1410 in
445 1358 573 1429 partem
591 1356 718 1411 moveri
734 1358 880 1428 possent.

208 1453 309 1515 Mane
320 1451 514 1515 Americani
525 1453 632 1515 lacurn
645 1461 786 1515 transire
798 1461 990 1534 coeperunt.
1030 1453 1107 1535 Qus>
1119 1454 1265 1516 animad-

161 1564 266 1632 versi),
288 1556 382 1631 Galli,
404 1566 461 1638 qui
479 1556 560 1618 nihil
580 1556 845 1638 suspicabantur,
863 1558 945 1619 velis
967 1568 1075 1639 passis
1095 1556 1128 1619 in
1151 1557 1265 1621 hostes

161 1661 321 1740 impetum
337 1661 450 1724 lacere
466 1667 577 1723 criniti
592 1671 670 1724 sunt
679 1681 687 1737 ;
712 1670 747 1723 at
762 1661 864 1735 nivis,
878 1671 987 1724 ventis
999 1661 1110 1724 statim
1127 1661 1170 1724 ad
1188 1662 1264 1725 litus

161 1763 280 1841 delata,
297 1764 396 1827 facile
418 1775 517 1845 capta
533 1775 584 1828 est
599 1772 619 1827 a
635 1765 833 1846 quibusdam
852 1765 1070 1840 AmericaniS,
1088 1773 1146 1847 qui
1166 1767 1209 1828 ad
1231 1765 1262 1828 id

122 1892 150 1945 15
162 1868 270 1949 ipsum
287 1868 319 1930 in
338 1870 432 1932 lirore
449 1876 568 1931 moniti
586 1878 690 1931 erant.
739 1870 836 1931 Nave
859 1869 961 1949 longa
983 1875 1091 1950 capti,
1117 1870 1263 1952 scaphae

165 1972 438 2035 America‘rnrirum
457 1975 528 2035 sine
541 1974 609 2034 irllr')
621 1972 831 2035 incommodi
844 1973 886 2034 ad
902 1973 980 2034 litus
997 1973 1134 2035 ulterius
1151 1980 1263 2053 perve-

162 2084 291 2151 nerunt,
305 2076 491 2157 militesque
503 2096 617 2138 rursus
633 2077 676 2137 ad
693 2076 865 2139 Canadam
880 2095 942 2157 per
954 2083 1084 2139 montes
1097 2077 1262 2160 silvasque

161 2179 279 2243 leniter
303 2187 472 2261 prrigressi
495 2190 582 2242 sunt.

589 2406 772 2470 LESSON
807 2420 844 2486 55

471 2591 502 2654 Τ
497 2592 538 2654 lte
560 2591 638 2654 Fall
656 2592 696 2672 os
712 2591 798 2653 Ncw
819 2591 957 2655 London

205 2748 290 2810 Cum
322 2747 474 2809 Britanni
504 2747 638 2808 Novum
671 2746 858 2807 Eboracum
898 2745 1064 2827 praesidii
1098 2754 1260 2822 tenerent,

120 2851 269 2916 zocoleni
299 2851 414 2912 classis
445 2856 582 2912 onustas
616 2850 715 2911 rebus
752 2849 916 2922 omnibus,
948 2869 1033 2931 quae
1064 2850 1107 2912 ad
1137 2836 1261 2914 bellurn

161 2955 369 3016 necessariae
400 2964 486 3028 sunt,
519 2953 703 3016 secundum
736 2953 812 3014 litus
845 2953 962 3017 Novae
995 2953 1189 3018 Britanniae
1219 2954 1261 3016 ad

206 3133 229 3168 1.
254 3117 341 3168 ultrix
362 3123 496 3169 notason
506 3128 533 3185 p.
545 3113 588 3180 62,
600 3113 619 3166 l.
636 3129 681 3177 103
735 3111 784 3183 ing
798 3130 814 3165 a
831 3112 922 3166 clause
940 3115 970 3166 ol
986 3113 1262 3180 result-guberni-

160 3213 206 3250 see
218 3196 266 3250 the
278 3195 384 3250 Vocab.
613 3225 614 3230 =
734 3197 809 3246 cula:
826 3192 861 3247 cf.
872 3193 919 3246 the
927 3193 1088 3247 illustration
1097 3193 1224 3267 sacingp.
1237 3212 1260 3249 1.

204 3295 229 3329 α.
255 3281 289 3329 ni
301 3279 378 3341 quis:
392 3294 421 3328 ro
433 3277 496 3329 that
514 3293 549 3329 no
560 3291 630 3341 aner
649 3273 683 3328 cf.
778 3292 819 3327 10.
845 3277 962 3326 moveri:
984 3282 1048 3327 note
1061 3274 1108 3328 the
1120 3276 1174 3330 last
1183 3277 1260 3331 letter

159 3356 207 3411 the
220 3365 284 3412 note
297 3374 333 3410 on
347 3359 420 3424 quid,
433 3374 461 3426 p.
477 3356 518 3426 56,
531 3356 548 3409 l.
565 3371 586 3409 1.
735 3354 767 3410 of
776 3355 823 3409 the
834 3354 917 3408 word.

204 3456 227 3502 4.
252 3439 421 3490 sententiae:
442 3436 476 3490 cf.
492 3439 589 3489 sentiit.
781 3453 820 3487 12.
847 3440 953 3501 passis:
973 3434 1043 3489 from
1055 3440 1153 3502 pandi.

203 3525 229 3571 8.
255 3522 332 3571 nocte
345 3519 525 3583 intempesta:
546 3516 580 3572 cf.
599 3535 627 3587 p.
641 3532 684 3586 43,
781 3534 820 3580 13.
846 3520 953 3569 ventis:
973 3516 1028 3569 abl.
1044 3516 1076 3571 of
1085 3534 1190 3572 means.

159 3597 177 3652 l.
194 3613 219 3670 ς.
778 3616 818 3661 14.
845 3599 873 3650 id
898 3599 1003 3663 ipsum:
1029 3597 1084 3649 thir
1107 3614 1176 3667 very
1189 3602 1257 3668 pur·

203 3698 229 3743 9.
255 3681 384 3733 inseruit:
416 3683 512 3744 inserti,
536 3694 561 3748 3,
591 3683 682 3745 serui,
729 3682 802 3749 pore.

159 3764 267 3827 sertus,
278 3762 361 3828 sorec
381 3761 524 3813 ira-ut:
544 3759 685 3814 introduc·
781 3766 821 3811 16.
846 3761 975 3812 ulterius:
996 3759 1122 3813 modifier
1138 3758 1170 3813 of
1184 3761 1258 3812 litus.
