2700 4186
151 251 191 315 86
477 253 590 310 FIRST
615 253 736 309 LATIN
763 253 928 311 READER

151 453 255 514 gnum
262 433 496 515 pollicitusest,
505 433 692 516 poculaque
700 433 933 498 brevidomum
943 434 1051 500 ¹aetus
1059 433 1242 517 reportiwit

152 539 289 600 comites
306 537 394 599 enim
412 539 582 618 praetoris,
596 558 671 600 cum
687 537 742 601 ille
759 546 777 601 ἒ
793 547 911 602 sornno
926 547 1140 622 experrectus
1156 547 1255 614 esset,

152 641 271 704 audaci
294 642 467 704 mendacio
494 648 547 704 risi
570 649 637 704 non
660 641 896 705 dubitaverunt
917 643 1117 706 confirmare
1137 641 1258 725 pocula

152 743 216 809 sibi
231 753 298 808 non
315 747 418 826 digna
433 745 547 822 videri,
563 765 649 828 quae
664 745 700 808 in
715 742 788 810 eius
803 752 920 809 mensa
933 754 1148 830 ponerentur.

583 997 768 1066 tasson
800 1013 841 1082 72

545 1187 670 1254 Indian
695 1187 876 1272 aneance

131 1379 145 1436 5
200 1353 279 1418 lndr
303 1351 498 1418 Americani
526 1359 595 1415 non
622 1351 729 1414 solum
755 1371 832 1415 curn
856 1351 984 1416 colonis
1009 1371 1112 1434 saepe
1135 1350 1265 1417 bellum

156 1465 342 1539 gesserunt,
359 1456 419 1519 sed
434 1455 522 1518 inter
537 1463 574 1518 se
588 1476 721 1538 quoque
743 1463 895 1537 pugnare
915 1462 1159 1519 consueverant
1173 1461 1266 1519 acer-

157 1562 247 1624 rime.
295 1560 388 1624 Sicut
403 1559 438 1622 in
456 1558 628 1622 Britannia
645 1560 742 1622 Nova
764 1566 821 1620 rex
842 1559 987 1640 quidam,
1006 1559 1140 1621 nomine
1157 1557 1267 1622 Mian·

157 1665 293 1740 tonirno,
321 1664 377 1726 din
407 1683 466 1744 per
490 1663 628 1725 insidias
656 1670 795 1725 conatus
821 1673 873 1724 est
899 1663 1087 1726 interficere
1119 1663 1266 1740 Uncam‚

159 1776 271 1850 regern
288 1768 479 1844 finitimum,
496 1777 533 1829 ut
551 1768 624 1848 ipse
647 1767 737 1829 solus
761 1766 901 1828 duarum
925 1767 1098 1829 nationum
1123 1774 1267 1847 regnum

119 1899 149 1938 ro
159 1872 341 1950 obtineret3
365 1892 441 1934 curn
465 1880 576 1934 autern
592 1871 658 1933 ista
671 1869 810 1933 consilia
830 1890 905 1932 eum
922 1870 1124 1933 fefellissent
1143 1871 1267 1946 omnia,

160 1976 269 2039 subito
291 1982 413 2057 magno
431 1995 507 2038 curn
526 1974 671 2037 exercitii
690 1974 724 2037 in
740 1983 840 2036 vicini
860 1975 947 2036 lines
970 1994 1071 2057 quarn
1094 1976 1270 2038 celerrimi

124 2080 131 2092 '
159 2081 350 2144 contendit:
374 2080 491 2144 Uncas
507 2086 595 2151 vero,
613 2079 656 2141 de
676 2077 747 2142 eius
769 2079 915 2140 adventii
938 2077 980 2140 ab
1003 2078 1269 2159 exploratoribus

160 2186 280 2249 certior
309 2184 430 2260 factus,
453 2184 565 2264 copias
588 2189 746 2264 coegerat
766 2191 800 2245 et
830 2181 903 2244 sine
933 2188 1027 2245 mora
1052 2181 1095 2244 ad
1120 2201 1270 2264 pugnarn

161 2290 330 2372 proiectus
345 2298 404 2352 est.

121 2412 149 2466 ις
206 2392 273 2457 Ubi
289 2393 377 2455 acies
393 2392 480 2455 duae
494 2400 677 2455 instrictae
693 2400 780 2466 sunt,
795 2390 921 2477 Uncas,
938 2390 1076 2472 paulum
1093 2400 1171 2453 ante
1188 2397 1270 2453 suos

161 2505 367 2578 progressus,
396 2503 432 2558 se
454 2495 541 2558 velle
565 2497 646 2558 dixit
671 2496 778 2557 solum
794 2514 869 2556 curn
900 2493 1167 2556 Miantonimone
1195 2492 1271 2557 solo

161 2601 326 2676 dimicare,
338 2609 375 2663 ut
391 2600 463 2662 sine
478 2599 678 2675 detrimento
690 2605 876 2661 ceterorum
889 2605 942 2659 res
956 2598 1129 2660 diir'rdicari
1142 2607 1267 2679 posset.

162 2703 261 2787 Quod
286 2724 362 2767 curn
387 2702 443 2766 ille
466 2709 646 2777 recfisa'rret,
671 2702 787 2766 Uncas
812 2701 964 2763 consulto
988 2701 1023 2763 in
1047 2710 1168 2764 terram
1194 2708 1270 2781 pro·

162 2811 275 2891 lapsus
299 2818 362 2883 est,
385 2807 523 2889 eiusque
534 2807 663 2880 milites,
687 2806 832 2869 clamore
856 2803 998 2879 sublato,
1023 2825 1124 2887 super
1146 2803 1268 2869 ducem

222 3004 249 3039 2.
274 2988 444 3052 experrectus
473 2990 561 3038 esset:
594 3001 687 3050 exper·
783 3000 824 3037 12.
849 2985 956 3036 uncie:
975 2981 1018 3036 ior
1031 2982 1083 3037 athe
1098 2980 1269 3049 declension,

162 3071 256 3132 gisem,
268 3081 294 3136 3,
308 3069 454 3131 -perrietus
467 3082 535 3129 eum,
546 3066 625 3119 wake
640 3071 687 3136 up.
737 3062 771 3118 cf.
785 3063 833 3118 the
845 3072 910 3118 note
922 3081 961 3118 on
973 3065 1077 3128 cereas,
1090 3080 1116 3132 p.
1129 3077 1172 3130 23,
1185 3061 1205 3116 l.
1219 3076 1247 3128 4.

223 3165 248 3210 3.
275 3147 428 3199 mendacio:
456 3149 633 3211 mendicium,
659 3151 687 3207 ·i‚
783 3151 823 3197 16.
850 3147 936 3198 velle:
972 3161 1034 3197 was
1061 3142 1270 3212 willinga-ell-

161 3226 366 3288 naria-risi:
404 3227 534 3284 translate
562 3244 593 3281 as
623 3228 646 3282 il
671 3244 688 3280 a
737 3226 810 3278 lum:
843 3224 918 3294 pred.
951 3222 1004 3295 adj.
1031 3223 1094 3277 with
1121 3223 1269 3291 dimicire3

162 3316 283 3378 present.
739 3315 811 3368 what
828 3315 907 3368 other
919 3323 980 3384 part
993 3312 1026 3368 ol
1036 3312 1136 3383 speech
1153 3311 1205 3368 has
1219 3311 1269 3370 the

224 3406 249 3451 4.
276 3390 360 3454 digna
373 3427 382 3444 .
397 3428 405 3443 .
421 3429 428 3442 .
443 3406 527 3456 quae:
542 3392 606 3442 with
625 3390 686 3443 sub·
739 3411 816 3450 same
827 3394 915 3449 form?
931 3393 981 3465 (cs.
994 3393 1014 3449 1.
1029 3398 1072 3466 ς).

162 3469 410 3540 junct.,worthyto
425 3473 546 3539 (dignus,
558 3487 593 3531 -a,
606 3473 687 3534 nm).
786 3491 826 3539 17.
853 3479 1015 3529 ceterorum:
1041 3493 1081 3529 we
1104 3472 1196 3529 would
1217 3489 1269 3546 say

163 3552 315 3602 -minsiz
336 3555 438 3613 minsa,
453 3567 503 3615 -ae,
516 3565 553 3609 F..
566 3554 635 3604 rarle
741 3558 793 3608 “to
813 3556 861 3610 the
878 3556 1208 3610 others.”-dnndicen=
1227 3556 1269 3608 et·

226 3635 251 3683 8.
278 3631 409 3684 insidiis:
429 3649 476 3687 see
489 3632 535 3686 the
548 3632 653 3686 Vocab.
740 3636 837 3703 indici,
853 3650 875 3703 1,
887 3638 985 3701 decide,
999 3653 1030 3690 or
1040 3637 1124 3689 settle.

226 3726 242 3775 ς
278 3713 407 3764 ‹luitumz
424 3712 470 3764 the
481 3723 536 3765 two
785 3720 826 3769 18.
853 3717 937 3781 quod:
964 3716 1021 3768 this
1049 3721 1058 3774 l
1069 3712 1268 3786 promul).-

211 3807 251 3844 10.
277 3791 459 3844 fefellissent:
481 3793 550 3845 from
564 3796 640 3844 talin.
741 3795 805 3848 illex
836 3793 1021 3849 Mlantonimo
