2700 4186
482 228 596 286 alass
621 229 743 286 LATm
771 230 935 286 nanum
1221 230 1259 306 67

583 477 767 544 LESSON
802 491 842 559 57

362 707 366 714 ·
436 660 604 746 Captivity
624 684 749 746 among
769 663 822 725 tlte
843 663 984 727 Indz'ans

202 829 398 914 Priusquam
423 831 613 914 provinciae
636 831 858 894 Americanae
883 833 1011 895 validae
1035 841 1113 896 sunt
1139 833 1259 907 factae,

162 933 235 996 Indi
250 933 375 1017 oppida
392 935 573 1016 longinqua
590 955 691 1016 saepe
708 936 962 1008 adoriebantur3
988 937 1173 1018 miseraque
1190 947 1261 997 erat

160 1037 294 1099 fortuna
309 1045 422 1100 eorum
441 1039 643 1113 colonorum,
661 1046 718 1120 qui
733 1038 775 1100 ab
791 1046 839 1101 eis
855 1048 945 1119 capti
961 1048 1047 1101 sunt.
1094 1027 1123 1098 E
1141 1039 1260 1120 quibus
1341 1098 1344 1105 .

161 1148 244 1203 unus
261 1143 345 1205 haec
360 1142 432 1204 fere
448 1143 489 1204 de
506 1149 542 1204 se
558 1153 815 1205 commemorat:
969 1216 971 1220 Α

114 1268 142 1322 5
204 1232 355 1321 “Olim”
373 1245 488 1327 inquit,
507 1252 611 1309 “cum
633 1246 775 1309 barbari.
789 1246 898 1308 subiti>
919 1246 952 1308 in
976 1254 1192 1328 conspectum
1208 1255 1261 1310 ve-

161 1351 296 1422 nissent,
311 1370 375 1431 ego
388 1370 463 1412 cum
476 1350 653 1432 oppidanis
666 1359 784 1413 ceteris
797 1352 879 1432 iuga
895 1359 998 1432 petivi
1014 1352 1164 1425 saltitem,
1178 1362 1211 1414 et
1227 1353 1260 1412 in

162 1455 316 1535 paludem
334 1454 517 1535 proximam
534 1475 634 1537 quam
654 1455 824 1518 celerrime
843 1455 1008 1518 contendi.
1057 1455 1124 1519 Sed
1141 1456 1174 1516 in
1192 1456 1262 1518 luto

160 1559 344 1640 prolapsus,
361 1564 381 1620 a
396 1558 501 1622 tribus
519 1559 612 1621 Indis
634 1569 752 1641 captus
777 1579 860 1634 sum,
877 1569 978 1641 atque
1002 1565 1068 1621 rina
1091 1579 1166 1621 cum
1191 1559 1261 1622 reli-

161 1675 230 1748 quis
243 1673 384 1747 captivis
400 1664 434 1727 in
451 1665 549 1728 silvas
566 1665 666 1746 longe
685 1685 757 1727 sum
775 1664 955 1740 deductus;
980 1665 1036 1727 ubi
1053 1665 1122 1728 dies
1139 1666 1260 1728 multos

101 1790 142 1826 0
162 1790 218 1851 per
237 1777 367 1833 montes
389 1778 520 1833 summo
540 1790 615 1832 cum
640 1770 753 1832 labore
776 1770 916 1831 fecimus
940 1769 1011 1845 iter,
1030 1791 1105 1831 cum
1128 1770 1260 1832 interim

160 1874 376 1939 contumelias
392 1875 622 1939 acerbissimas
639 1874 759 1938 cotidie
776 1875 863 1937 ferre
880 1875 1088 1956 cogebamur.

204 1980 345 2044 “Noctu
370 1980 483 2044 hostes
505 1989 653 2062 captivos
677 1980 770 2041 humi
800 1987 938 2061 supinos
966 1981 1184 2057 collocabant,
1209 2002 1262 2043 cu-

163 2093 296 2167 neisque
313 2084 346 2147 in
362 2093 450 2148 terra
463 2085 589 2159 defixis,
605 2093 723 2147 mamis
740 2085 911 2165 pedesque
927 2091 998 2146 arte
1014 2085 1208 2166 religabant,
1221 2091 1263 2147 ne

163 2188 232 2270 quis
254 2200 403 2252 nostrum
425 2210 485 2272 per
506 2189 661 2253 tenebras
683 2189 834 2270 effugere
855 2195 1038 2251 contuitur.
1088 2189 1261 2252 Interdum

100 2300 136 2352 S
165 2303 270 2355 autem
288 2303 381 2356 tanta
400 2304 472 2363 erat
495 2294 608 2376 inopia
624 2293 696 2365 cibi,
716 2303 753 2355 ut
775 2292 915 2367 barbari,
933 2294 1029 2356 veriti
1051 2300 1094 2356 ne
1117 2294 1262 2355 frumen-

164 2404 229 2458 tum
250 2397 414 2474 deficeret,
432 2406 494 2461 nos
515 2397 614 2462 etiam
634 2397 705 2479 igni
725 2397 884 2459 mandare
904 2396 1007 2460 semel
1026 2398 1211 2479 iterumque
1228 2398 1261 2458 in

164 2500 271 2564 animo
290 2501 460 2565 haberent.
507 2503 556 2565 At
574 2522 648 2583 ego,
666 2511 843 2584 postquam
863 2500 988 2582 frigore
1010 2501 1167 2583 fameque
1189 2521 1261 2562 sum

165 2623 267 2684 paene
284 2613 431 2681 necatus
449 2616 564 2689 paucis
584 2615 660 2687 post
679 2605 849 2667 mensibus
869 2612 888 2666 a
907 2605 1041 2668 domino
1065 2613 1151 2667 novo
1174 2625 1264 2686 emp

160 2715 222 2783 tus,
240 2716 409 2790 postremo
424 2709 559 2772 domum
576 2708 750 2772 incolumis
768 2709 934 2790 perveni.’'

204 2899 228 2933 2.
254 2883 459 2935 adoriebantur:
483 2881 518 2937 cf.
533 2883 685 2950 capiebant,
799 2896 823 2945 7.
850 2896 946 2947 quam:
970 2881 1004 2935 cf.
1027 2900 1053 2950 p.
1074 2896 1118 2949 47,
1136 2881 1154 2935 l.
1178 2897 1265 2947 14.-

160 2977 188 3014 u.
202 2961 243 3031 65,
256 2962 275 3014 l.
291 2977 316 3014 2.
736 2964 808 3014 luti:
828 2965 925 3027 lutum,
937 2967 966 3026 -i,
980 2977 1019 3022 n,
1033 2964 1109 3015 nzud.

203 3060 227 3105 4·
254 3045 335 3095 haec:
388 3052 462 3097 neut.
516 3043 686 3112 pl.-eom-
781 3060 821 3094 11.
847 3044 1039 3096 contumelias:
1059 3041 1262 3110 cf.p,18,l.1.

163 3127 304 3175 memorat:
324 3124 369 3176 tle.
384 3126 484 3176 nirrat.
523 3124 584 3178 The
597 3124 685 3178 whole
783 3140 823 3186 13.
850 3127 923 3174 arte:
961 3121 1031 3187 adu,
1067 3121 1219 3190 tigillu—
1232 3127 1264 3173 ne

162 3200 258 3269 phrase
288 3220 349 3272 may
373 3203 408 3257 be
439 3203 572 3258 rendered
603 3203 686 3274 freely
738 3205 814 3270 quis:
835 3201 870 3257 cf.
882 3202 1013 3256 thesame
1025 3201 1124 3271 phrase
1133 3218 1208 3270 onp.
1221 3202 1264 3267 64,

161 3281 311 3336 dt'scourses
335 3284 484 3337 somewhat
510 3302 543 3337 as
564 3284 686 3357 follows,
738 3284 756 3336 l.
771 3299 796 3337 2.

162 3369 213 3416 etc.
783 3382 822 3427 ¹4·
849 3367 986 3416 nostrum:
1008 3362 1077 3417 from
1090 3377 1147 3429 ego.

205 3458 229 3507 5.
255 3445 360 3510 inquit:
381 3453 492 3514 present
505 3454 593 3500 tense.
784 3460 824 3509 1⁵·
850 3448 957 3496 autem:
1006 3448 1263 3498 mortonem-ne:

205 3531 229 3576 ⁶.
255 3525 336 3590 ngr:
369 3525 422 3579 abl.
448 3525 479 3580 of
504 3544 614 3593 meansg
645 3544 686 3582 we
737 3524 945 3594 cf.p.61,l.6.
1175 3527 1180 3533 ’“

166 3604 250 3659 would
268 3623 325 3676 say,
339 3607 393 3659 “in
412 3605 531 3676 flight'';
550 3605 584 3661 cs.
607 3607 687 3661 other
781 3613 820 3658 16.
848 3607 991 3657 mandare:
1031 3609 1137 3674 mandri,
1161 3622 1184 3672 1,
1206 3623 1263 3659 con·

168 3685 321 3756 renderings
333 3683 368 3740 oi
380 3684 436 3738 this
448 3685 514 3751 abl,
527 3703 555 3757 p.
570 3700 612 3757 57,
624 3686 653 3738 11.
668 3686 686 3740 6
736 3689 807 3755 sign.
819 3689 946 3737 -aemel
966 3689 1132 3754 iterumque:
1154 3704 1201 3743 see
1220 3687 1262 3742 the

168 3763 218 3816 aud
229 3765 254 3818 8.
506 3820 530 3831 Α
737 3767 842 3821 Vooeb.
