2700 4186
485 221 598 279 FIRST
623 222 744 280 LATIN
771 222 935 279 READER

583 521 767 588 LESSON
803 539 839 602 13

425 685 648 752 Coloniaation
671 687 706 750 in
730 688 813 752 New
835 688 999 772 England

207 842 324 906 Paucis
341 851 417 924 post
431 851 527 904 annis
548 842 701 903 Britanni
721 843 918 923 complt‘rras,
937 853 993 925 qui
1009 845 1098 925 apud
1118 845 1261 907 Batavas

162 946 218 1008 diu
236 945 475 1020 habitaverant,
493 947 527 1006 in
546 945 738 1008 Amerinam
761 965 837 1007 cum
860 946 971 1009 liberis
988 958 1087 1029 atque
1104 947 1260 1010 uxaribus

162 1051 325 1130 emigrare
357 1048 608 1112 canstituarunt.
665 1048 740 1131 Qui,
766 1069 841 1111 cum
865 1049 1096 1130 pervenissent
1118 1051 1160 1113 ad
1184 1052 1261 1114 litus

161 1155 232 1216 eius
248 1163 365 1228 terrae,
382 1172 467 1234 quae
484 1172 572 1215 nunc
590 1152 762 1215 Britannia
780 1153 878 1215 Nova
890 1154 1085 1234 appellatur,
1098 1156 1259 1240 impetum

137 1257 324 1335 5Ind6rum
350 1258 454 1331 veriti,
484 1257 640 1338 legatum,
662 1256 797 1320 nemine
818 1256 1032 1332 Standisium‚
1057 1277 1133 1320 cum
1155 1258 1261 1321 militi-

161 1360 224 1424 bus
255 1367 369 1443 paucis
394 1367 564 1437 miserunt,
594 1369 652 1442 qui
681 1360 755 1424 loca
785 1361 933 1442 undique
963 1361 1160 1443 explararet.
1207 1362 1261 1424 illi

161 1464 262 1546 igitur
300 1465 403 1528 multa
440 1465 531 1526 milia
568 1484 727 1545 passuum
765 1466 950 1529 secundum
984 1465 1061 1528 litus
1093 1473 1261 1547 pragressi

161 1579 248 1645 sunt,
268 1588 344 1632 cum
369 1569 566 1650 navigarent
589 1568 742 1644 interdiu,
758 1576 942 1652 noctesque
964 1578 1076 1632 autem
1103 1571 1136 1631 in
1165 1570 1259 1632 litore

68 1715 73 1721 ·
161 1682 308 1753 agerent.

61 1850 62 1854 Ἰ
121 1813 152 1851 10
206 1777 315 1839 Prima
341 1785 450 1840 terrae
474 1775 600 1838 incolas
626 1783 701 1838 rara
726 1776 898 1854 viderunt3
931 1776 1010 1839 alim
1034 1785 1157 1853 tamen,
1183 1798 1258 1841 cum

161 1888 259 1944 mane
275 1881 438 1962 proficisci
454 1887 611 1961 pararent
620 1887 773 1961 imusque
783 1900 824 1943 ex
836 1881 994 1943 militibus
1006 1882 1154 1943 omnium
1168 1902 1259 1944 arma

160 1984 195 2046 in
214 1985 339 2065 scapha
355 1985 420 2045 iam
439 1982 677 2058 collocavisset,
697 1983 773 2046 Indi
792 1985 903 2048 subita
921 1991 940 2046 ὅ
955 1983 1037 2046 silva
1054 1993 1177 2066 magna
1195 1985 1258 2049 cla-

87 2090 89 2097 ‘
161 2096 253 2151 mare
281 2095 471 2168 eruperunt,
498 2087 694 2169 sagittisque
724 2088 980 2150 vulneraverunt
1008 2096 1142 2169 paucas.
1191 2089 1258 2153 Sed

160 2193 280 2254 milites
300 2191 411 2255 statim
431 2190 474 2253 ad
495 2192 657 2273 scapham
679 2199 903 2267 cucurrerunt,
924 2199 961 2253 ut
979 2212 1071 2254 arma
1090 2203 1257 2274 caperent,

121 2329 150 2383 ¹5
160 2297 340 2378 hostesque
356 2294 507 2358 celeriter
522 2296 642 2376 fugere
658 2302 765 2357 coacti
781 2305 868 2358 sunt.

206 2399 375 2462 Postrema
391 2399 433 2461 ad
446 2408 578 2480 portum
590 2406 700 2461 tritum
712 2408 909 2480 perventum
922 2408 981 2475 est,
996 2399 1052 2462 ubi
1065 2399 1170 2463 tribus
1180 2411 1258 2465 ante

160 2512 256 2565 annis
281 2504 376 2565 multi
402 2501 633 2565 habitaverant
659 2502 752 2578 Indi;
778 2511 835 2584 qui
860 2501 926 2564 iam
948 2503 991 2565 ad
1016 2511 1120 2566 imum
1144 2505 1259 2569 morba

88 2669 90 2674 .
161 2606 336 2688 perierant.
384 2605 461 2688 Qua
476 2606 518 2668 de
534 2613 569 2668 ra
585 2607 741 2669 certiares
756 2605 846 2681 facti,
864 2606 974 2669 celani
990 2607 1107 2689 reliqui
1126 2629 1258 2690 quoque

161 2710 203 2772 ad
219 2730 295 2773 eum
308 2710 428 2772 'locum
444 2717 615 2783 venerunt,
632 2706 743 2791 ibique
768 2716 787 2772 a
806 2716 884 2772 navi
903 2711 937 2772 in
956 2711 1032 2773 litus
1054 2719 1189 2792 agressi,
1207 2713 1258 2775 dis

119 2847 151 2882 20
161 2821 300 2895 egerunt
322 2813 446 2894 gratias
468 2823 643 2895 castraque
665 2821 857 2895 posuerunt.
906 2814 968 2877 Est
991 2815 1025 2875 in
1048 2814 1142 2878 litore
1157 2815 1258 2878 etiam

160 2937 249 2979 nunc
266 2937 391 2992 saxum,
408 2917 498 2998 quod
522 2915 716 2980 Americani
739 2937 872 2998 semper
892 2918 1066 2979 coluerunt
1081 2917 1259 3000 colentque

224 3120 250 3156 2.
269 3104 361 3154 liberis
379 3106 463 3168 atque
480 3104 622 3155 uxaribns:
645 3120 683 3157 sc.
784 3119 822 3166 14.
843 3106 875 3155 ut
902 3118 977 3154 arma
1001 3108 1141 3169 caperent:
1165 3106 1207 3157 τῖε.
1232 3111 1260 3158 to

159 3189 224 3238 suis.
733 3201 798 3238 arm
810 3182 976 3236 themselves.

223 3282 249 3330 3.
269 3269 324 3332 qui,
336 3280 411 3317 eum:
426 3264 460 3318 cf.
475 3282 502 3333 p.
519 3279 543 3334 5,
555 3265 572 3316 l.
586 3265 611 3317 8.
782 3279 820 3326 ¹7·
840 3266 875 3316 ad
888 3267 986 3315 imum:
1003 3262 1122 3333 utterly3
1139 3263 1173 3319 cf.
1191 3282 1219 3334 p.
1233 3280 1259 3331 4,

223 3352 249 3399 6.
269 3346 436 3412 explararet:
451 3354 515 3399 note
529 3345 576 3398 the
588 3345 680 3399 mood.
733 3343 751 3396 l.
763 3358 785 3412 5.

224 3435 249 3480 8.
269 3443 330 3480 eum
354 3429 532 3498 navigarent:
552 3425 683 3480 translate
783 3432 822 3476 18.
843 3429 898 3490 qua
927 3428 960 3477 da
990 3428 1034 3479 re:
1067 3427 1112 3481 ia.
1145 3428 1177 3479 de
1210 3429 1260 3480 hac

158 3507 388 3579 byaparticipial
401 3509 507 3577 phrase.
678 3503 680 3508 ’
735 3509 771 3558 ra.

208 3605 248 3640 ro.
269 3591 341 3641 rara:
360 3588 430 3656 adv„
442 3588 549 3642 seldom.
784 3603 823 3649 19.
843 3588 901 3638 dis:
922 3585 993 3640 from
1005 3589 1081 3640 deus.

209 3688 248 3722 u.
267 3671 403 3722 omnium:
430 3669 497 3722 used
514 3685 545 3722 as
562 3684 578 3722 a
598 3684 683 3722 masc.
782 3685 824 3719 αι.
844 3669 1002 3721 coluerunt:
1034 3671 1099 3736 cola,
1128 3681 1154 3736 3,
1184 3670 1261 3735 colui,

160 3766 244 3817 noun,
257 3749 382 3804 modifier
393 3749 425 3803 of
433 3764 516 3802 arma.
736 3749 833 3820 cultus,
844 3754 983 3803 venerate.
