2700 4186
159 234 216 296 182
491 237 606 293 FIRST
631 238 753 295 LATIN
782 236 945 293 READER

156 414 286 477 hostem
308 415 350 477 ab
370 415 560 478 Antiochea
576 419 763 491 recessisse,
784 416 936 478 Bibulum
955 417 1167 480 Antiocheae
1188 437 1260 480 esse

157 526 306 599 cognovi.
356 518 550 582 Deiotarum
566 520 744 581 confestim
760 522 825 581 iam
846 521 887 581 ad
908 528 960 582 me
976 521 1169 589 venientem
1185 539 1258 582 cum

157 630 280 704 magno
295 632 329 685 et
345 623 443 684 firmo
459 625 607 704 equitatu
627 633 661 686 et
682 624 831 703 peditatu
856 633 889 686 et
912 645 986 686 curn
1011 623 1168 688 omnibus
1192 631 1256 686 suis

157 727 260 806 copiis
276 725 448 789 certiorem
466 727 532 807 feci
551 735 617 788 non
633 727 739 789 videri
757 747 831 789 esse
850 747 996 801 causam,
1015 735 1074 789 cur
1091 729 1258 790 abesseta't

133 837 269 909 5regn6‚
287 836 406 909 meque
423 829 465 891 ad
486 849 571 904 eum,
590 839 619 891 si
639 830 718 911 quid
740 839 818 891 novi
839 829 927 891 forte
943 829 1129 905 accidisset,
1147 832 1256 892 statim

157 931 282 993 litteras
299 932 500 1014 nuntiosque
517 932 694 994 missurum
710 952 793 996 esse.

571 1171 755 1236 tasson
792 1187 852 1251 139

214 1338 393 1402 Morontaz'n
415 1337 586 1420 Bngands
607 1337 704 1400 claim
729 1337 782 1400 the
806 1337 998 1400 Governor's
1012 1337 1186 1402 Atlantion

201 1493 351 1572 Cumque
367 1500 408 1554 eo
424 1491 535 1554 animo
550 1492 726 1567 venissem,
744 1500 779 1553 ut
798 1500 929 1573 utrique
948 1490 1150 1572 provinciae,
1169 1502 1198 1553 si
1216 1492 1262 1554 ita

156 1605 289 1674 tempus
309 1595 422 1670 ferret,
440 1594 660 1669 subvenirem,
684 1605 754 1656 turn
776 1593 818 1668 ld,
839 1594 927 1674 quod
948 1594 1015 1679 iam
1036 1588 1115 1656 ante
1138 1604 1262 1657 statue-

157 1719 225 1760 ram
256 1697 472 1762 vehementer
505 1697 666 1760 interesse
701 1707 872 1778 utriusque
905 1697 1105 1778 provinciae,
1140 1705 1263 1780 pacare

119 1823 148 1858 10
157 1803 327 1863 Amanum
343 1811 378 1864 et
393 1811 590 1883 perpetuum
615 1802 745 1862 hostem
765 1821 805 1862 ex
824 1809 864 1862 eo
883 1810 996 1863 monte
1015 1800 1142 1875 tollere,
1161 1821 1263 1882 agere

157 1913 293 1986 perrexi.
342 1906 493 1988 Cumque
519 1913 572 1966 me
597 1905 768 1967 discedere
788 1905 829 1966 ab
851 1912 891 1966 eo
914 1915 1025 1966 monte
1050 1905 1264 1968 simulassem
1303 1951 1309 1957 -

202 2087 226 2122 r.
252 2072 302 2122 ab:
314 2070 398 2141 from
417 2068 462 2122 tlte
484 2068 684 2139 nnglrborlzood
792 2083 816 2132 5.
842 2072 899 2120 me:
920 2067 1025 2137 subject
1038 2066 1070 2121 of
1083 2085 1100 2121 a
1114 2085 1176 2121 new
1189 2067 1265 2122 main
1290 2102 1309 2113 ι

156 2149 192 2220 os
212 2149 274 2219 (the
295 2158 369 2203 town
394 2167 475 2203 name
499 2149 613 2202 without
634 2149 682 2202 the
732 2148 822 2203 clause
834 2147 863 2200 in
875 2149 922 2202 the
939 2148 1055 2201 indirect
1068 2147 1265 2203 discourse.-
1301 2171 1309 2179 ·

157 2245 231 2298 prep.
241 2229 331 2283 would
344 2246 424 2282 mean
437 2229 529 2282 rather
545 2229 639 2282 “from
648 2231 680 2297 ”3
732 2231 856 2295 siquid:
879 2228 1206 2299 zfanythrng.-novi:
1233 2247 1265 2284 as
1302 2258 1309 2271 ·

157 2308 190 2363 cf.
212 2309 259 2362 the
279 2318 344 2364 note
363 2327 401 2364 on
422 2327 449 2379 p.
473 2323 516 2380 79,
540 2309 558 2362 l,
578 2309 678 2377 21).-
736 2309 838 2378 (neut.)
854 2308 1072 2362 noun—forte:
1092 2306 1187 2364 clthe
1198 2319 1266 2365 note
1282 2322 1309 2353 ⁴-

157 2392 298 2443 recessisse
308 2409 314 2442 :
324 2393 424 2458 recedo,
434 2407 459 2460 3,
468 2395 558 2454 -cessi,
567 2405 683 2442 cessum
734 2407 770 2442 on
782 2408 809 2459 p.
823 2390 864 2460 85,
877 2388 896 2441 l.
914 2404 955 2441 12.

156 2474 207 2538 est,
232 2471 297 2542 fall
326 2471 597 2524 bach—Bibulum:
634 2471 682 2524 the
798 2486 821 2535 7.
849 2469 1309 2543 command-animumn*

160 2551 298 2622 (Roman)
309 2568 446 2621 governor
455 2551 488 2604 os
500 2551 586 2622 Syria.
615 2552 683 2619 Sup-
729 2554 953 2621 poso-utrique
963 2552 1133 2618 provinciae:
1147 2554 1190 2604 ale.
1199 2552 1267 2606 Cili·
1283 2572 1309 2587 -

156 2632 203 2702 ply
213 2647 274 2697 'que
288 2631 353 2684 with
368 2631 422 2684 this
441 2631 540 2685 clause.
734 2631 776 2684 cia
783 2631 838 2684 and
848 2631 935 2698 Syria.
945 2661 982 2671 -
991 2633 1031 2683 ita
1039 2633 1149 2696 tempus
1162 2632 1265 2687 ferret:

198 2730 223 2764 2.
247 2713 417 2764 Deiotarum:
439 2729 455 2765 a
467 2711 583 2781 friendly
592 2711 683 2765 native
734 2712 779 2764 io.
790 2714 810 2763 l
817 2712 918 2765 should
926 2710 998 2762 have
1010 2712 1202 2779 opportunity.

158 2792 231 2862 king,
240 2793 333 2845 whose
344 2791 411 2846 offer
420 2792 452 2845 of
460 2792 505 2845 aid
519 2791 615 2845 Cicero
628 2792 683 2845 had
796 2797 821 2842 8.
847 2794 1033 2844 subvenirem:
1072 2791 1118 2842 i.e.
1157 2793 1267 2845 auxilio
1296 2808 1309 2821 ·

158 2872 228 2926 been
240 2873 305 2943 glad
322 2882 351 2925 to
364 2874 571 2941 accept.-ad:
594 2875 635 2924 tle.
655 2877 683 2924 to
734 2886 822 2923 essem
837 2872 988 2943 (subvenio,
1002 2885 1028 2936 4,
1042 2874 1126 2935 -voni,
1136 2875 1269 2926 mutum
1301 2908 1307 2913 -

155 2953 229 3021 jorn.
239 2956 451 3006 -rnnientemr
472 2953 603 3006 translate
618 2951 654 3022 by
667 2969 684 3004 a
734 2950 927 3019 est).-tum:
948 2953 1098 3005 noan—id
1113 2989 1120 3002 .
1137 2990 1144 3004 .
1161 2967 1267 3018 ‚azoro

159 3033 268 3087 relative
286 3035 386 3087 clause.
733 3036 837 3098 perrexi
848 3032 881 3101 (l.
891 3029 937 3101 11)
949 3051 954 3085 :
969 3031 1309 3103 lproceodedtocartf

202 3131 226 3176 3.
253 3118 281 3167 et
301 3153 307 3167 .
330 3153 337 3168 .
359 3118 427 3168 .0t.
444 3117 532 3168 ..etz
559 3113 606 3167 the
625 3113 683 3167 first
733 3117 781 3165 out
804 3129 822 3165 a
842 3114 948 3183 prry'ect
972 3115 1078 3184 (pergo,
1100 3127 1127 3182 3,
1148 3119 1266 3182 pertiti,

159 3193 191 3246 ol
200 3195 277 3248 these
290 3195 481 3265 conjunctions
494 3204 626 3250 connects
638 3195 684 3247 the
734 3198 883 3259 perrectum
895 3197 944 3259 est,
960 3191 1109 3263 procerti).

158 3283 212 3327 two
224 3274 309 3344 adjs.;
323 3277 371 3330 the
383 3275 535 3345 remaining
553 3284 607 3329 two
621 3292 683 3344 may
795 3291 821 3336 9.
846 3275 991 3326 interesse:
1023 3275 1147 3341 interest,
1183 3290 1279 3344 -em,

158 3351 193 3405 be
203 3352 336 3407 rendered
348 3355 409 3408 and
426 3394 432 3407 .
456 3393 463 3407 .
486 3393 493 3408 .
507 3355 569 3407 and
573 3356 603 3406 in
607 3354 682 3425 sart.
733 3353 808 3419 -fuit,
824 3351 889 3405 with
904 3370 980 3422 gen,
998 3353 1133 3406 belotha
1151 3353 1303 3410 interes?

158 3437 256 3483 -suis
265 3435 365 3498 copiis:
386 3435 430 3487 ln's
433 3435 588 3505 following.
737 3434 969 3504 (osi—picata:
991 3434 1108 3504 namely,
1120 3434 1291 3506 (thrprn’ae

202 3530 228 3576 4.
255 3517 308 3565 non
326 3515 412 3565 videri
431 3529 490 3566 esse
509 3528 625 3580 causam,
639 3519 684 3566 cair
740 3519 779 3566 ert
791 3513 841 3584 of)
857 3515 1027 3584 reducingto
1038 3515 1132 3568 order.

159 3597 282 3647 abesset:
301 3595 376 3647 there
393 3595 446 3646 did
460 3600 508 3647 not
524 3611 593 3647 soem
611 3602 639 3647 to
656 3595 685 3647 be
781 3609 820 3645 ro.
847 3598 1005 3660 perpetuum
1012 3596 1135 3648 hostem:
1146 3597 1295 3668 namely,

162 3674 244 3743 (any)
265 3677 384 3727 occasion
401 3675 456 3744 for
473 3674 531 3726 him
548 3680 576 3726 to
591 3674 684 3727 absent
735 3673 812 3726 so'me
830 3674 1015 3728 troublesome
1030 3674 1132 3728 robber
1151 3675 1255 3732 hordea

160 3755 287 3824 himself:
306 3754 346 3806 lit.
361 3754 451 3808 what?
782 3771 821 3805 11.
848 3769 928 3819 -quez
942 3753 1150 3809 translateasif
1159 3757 1287 3825 itaquo.
