2700 4186
160 294 219 337 110
481 276 595 334 FIRST
620 277 743 334 LATIN
770 276 935 335 READER

157 475 241 530 esse,
263 475 464 539 quamquam
489 462 587 520 antea
611 465 875 538 omnitempore
898 463 978 519 anni
1001 455 1138 520 uberius
1161 456 1268 520 fluere

156 566 383 624 consueverat

581 768 765 835 LESSON
795 785 834 852 91

461 952 562 1018 Evils
584 955 626 1035 os
643 953 696 1016 the
720 952 822 1017 Slave
851 953 956 1018 Trade

200 1114 336 1192 Gentes,
353 1136 439 1199 quae
460 1102 614 1178 Africam
636 1116 794 1190 incolunt,
812 1116 980 1197 quondam
999 1115 1087 1180 inter
1104 1123 1142 1179 se
1160 1136 1267 1198 saepe

157 1221 367 1295 dimicabant,
385 1227 574 1301 captivique
597 1225 617 1281 a
641 1219 905 1300 negdtiatdribus
928 1228 1041 1301 empti,
1062 1220 1206 1283 navibus
1231 1221 1264 1282 in

132 1326 261 1390 stertas
280 1329 359 1382 sunt
379 1326 596 1400 transportati
617 1318 774 1393 diversas,
799 1319 853 1380 ubi
872 1319 1015 1382 dominis
1036 1327 1130 1382 novis
1150 1320 1266 1383 traditi

157 1432 294 1486 summis
314 1423 481 1486 labdribus
502 1429 645 1486 aetatem
665 1424 698 1485 in
724 1432 813 1503 agris
832 1423 987 1504 agebant.
1036 1424 1127 1486 Dum
1148 1434 1265 1487 autem

157 1528 326 1608 navigant,
352 1526 504 1590 condicid
531 1534 736 1608 captivdrum
765 1527 950 1589 miserrima
976 1537 1061 1604 erat;
1093 1547 1172 1590 nam
1200 1535 1268 1590 tra·

158 1630 263 1693 ditum
288 1640 339 1694 est
363 1631 525 1705 dominas,
552 1640 610 1711 qui
636 1640 809 1712 quaestum
836 1631 993 1694 volebant
1019 1632 1131 1694 facere
1160 1651 1265 1712 quarn

158 1734 336 1797 maximum
361 1754 470 1816 neque
495 1733 584 1796 aliud
608 1733 1169 1818 cdrabant,valets1dinisalfitique
1195 1754 1265 1798 ser-

119 1864 149 1902 ιο
157 1846 272 1901 νὸιιιιη
289 1858 425 1920 operam
442 1838 613 1900 minimam
625 1839 766 1900 dedisse.

203 1943 270 2025 Qui
281 1942 380 2024 igitur
397 1942 508 2006 miseri
520 1942 554 2004 in
572 1943 652 2005 loeis
665 1951 816 2022 angustis
828 1943 1004 2025 foedisque
1020 1942 1135 2024 procul
1151 1948 1171 2003 a
1188 1943 1267 2006 h'rce

158 2047 306 2129 caelique
323 2047 439 2128 spiritr‘r
457 2067 556 2127 saepe
570 2046 819 2109 claudebantur.
865 2045 956 2128 Quin
968 2047 1066 2108 etiam
1084 2045 1265 2123 interdum¹

159 2161 195 2213 ut
209 2158 312 2214 naves
331 2171 431 2232 quam
455 2150 615 2232 pldrimds
635 2157 816 2231 portarent,
833 2148 919 2212 inter
938 2156 974 2211 se
991 2151 1129 2212 vinculis
1149 2151 1266 2227 idncti,

158 2264 269 2336 supini
297 2255 368 2317 dies
396 2262 578 2335 noctesque
605 2254 713 2316 iacere
740 2259 847 2316 coacti
875 2262 960 2330 sunt,
990 2253 1098 2334 spatid
1127 2253 1269 2318 minimd

119 2379 147 2432 ις
159 2368 287 2423 tantum
304 2359 428 2433 relictd,
446 2358 503 2420 ubi
522 2367 620 2439 pauci
635 2359 706 2420 vice
727 2358 854 2419 alterna
880 2364 915 2419 se
931 2364 1085 2420 exercere
1108 2367 1268 2438 possent:

159 2471 296 2544 qudrum
321 2463 497 2536 cruciatus,
526 2468 726 2542 tempestate
745 2467 869 2535 coorta,
891 2461 1054 2523 maximus
1077 2471 1165 2536 erat;
1192 2469 1267 2524 tum

158 2567 247 2631 enim
264 2566 346 2629 foris
361 2565 515 2628 omnibus
532 2565 654 2628 clausis
670 2563 724 2626 vix
740 2570 905 2645 respirare
922 2573 1087 2645 poterant,
1102 2563 1269 2648 multique

221 2766 244 2800 1.
271 2762 449 2813 quamquam:
505 2745 636 2799 whereas.
649 2776 684 2785 -
782 2763 821 2797 ιι.
848 2747 930 2798 caeli:
954 2744 1057 2817 (open)
1077 2747 1269 2813 ain-spiri·

157 2830 280 2880 Uberius:
300 2828 379 2898 adn(
382 2826 499 2896 positive
512 2835 560 2880 not
571 2827 600 2879 in
609 2824 683 2894 use),
734 2828 781 2878 tn:
801 2827 923 2892 spiritus,
936 2829 987 2891 -1'10,
1001 2839 1045 2886 M,
1058 2825 1161 2878 breath.

158 2924 225 2976 very
231 2906 333 2978 freely.
781 2923 820 2969 13.
848 2907 977 2958 interae:
996 2906 1267 2963 aarooneanother.

219 3006 245 3052 ⁴·
272 2989 403 3039 nivibus:
423 2987 455 3056 by
465 2986 536 3056 skip.
737 2988 879 3039 --ifinctiz
899 2987 988 3052 iungd,
1004 3001 1029 3055 3,
1045 2987 1130 3050 innxi,
1145 2987 1266 3054 innotus,

220 3075 246 3120 6.
271 3068 682 3138 labdribusztranslateassing.
734 3067 809 3120 bind.

158 3147 377 3202 -aetitemaef,
386 3151 475 3200 vitam
482 3148 546 3201 with
553 3148 684 3202 thesame
781 3161 820 3209 15·
846 3150 941 3212 pauci:
961 3147 1001 3198 ae.
1014 3144 1101 3198 small
1104 3150 1268 3216 granpr.—

159 3230 233 3296 verb,
246 3247 273 3298 p.
285 3229 328 3295 61,
342 3229 359 3281 l.
378 3244 417 3297 13.
428 3231 535 3282 -dmn
548 3267 553 3278 .
568 3267 574 3279 .
589 3266 594 3279 .
608 3229 684 3279 nivi-
734 3229 793 3280 vice
812 3230 926 3293 alterni,
939 3225 995 3280 abl.
1009 3225 1119 3299 phrase,
1130 3228 1160 3278 in
1180 3234 1265 3282 turn.

159 3314 233 3376 gant,
246 3317 317 3364 ete:
337 3308 428 3378 freely,
442 3311 540 3374 itwas,
551 3309 683 3373 however,
734 3311 911 3359 —exercerez
938 3310 1054 3372 exercet,
1076 3321 1100 3365 ι,
1118 3311 1167 3370 -ut,
1186 3310 1267 3376 dtus,

158 3390 239 3443 while
267 3389 328 3458 they
357 3405 429 3441 were
458 3407 493 3442 on
526 3388 683 3459 sltipboard,
734 3389 1025 3454 marcisa—possent:
1038 3395 1103 3440 note
1112 3385 1160 3440 the
1169 3389 1266 3442 mood.

157 3471 226 3536 that,
240 3478 291 3524 etc.
778 3475 819 3520 ιδ.
846 3471 969 3532 qudrum:
1017 3467 1092 3538 (but)
1129 3466 1214 3521 their.
1229 3500 1267 3510 —

220 3567 245 3614 ⁹·
271 3552 361 3603 aliud:
381 3550 586 3620 arpthingelse.
733 3551 898 3615 tempestate
917 3551 1021 3601 coorti:
1047 3546 1178 3601 translate
1199 3549 1237 3620 by
1249 3568 1267 3604 a

205 3649 244 3682 ιι.
271 3635 318 3696 qui
338 3670 345 3684 .
367 3670 373 3683 .
397 3669 403 3682 .
424 3633 531 3682 miseri:
553 3630 598 3682 the
612 3634 684 3700 poor
735 3635 751 3662 ‘⁶
760 3629 838 3682 when
847 3631 862 3656 ’¹
876 3629 975 3682 clause.

158 3711 295 3764 wretches.
308 3713 416 3764 -locis
427 3730 433 3763 ι
496 3719 638 3780 quarters.
649 3740 684 3748 -
781 3727 820 3773 17.
847 3708 913 3761 foris
921 3726 926 3760 :
935 3708 1017 3768 forus,
1026 3712 1056 3772 -i,
1065 3722 1266 3780 m.,gang*way.

158 3793 260 3846 foedis:
293 3791 395 3857 foedus,
419 3808 456 3857 -ι,
480 3805 546 3858 -um,
562 3790 640 3862 foul.
734 3793 922 3858 -respiriret
942 3792 1053 3854 respira,
1069 3803 1090 3849 1,
1103 3790 1226 3846 brcathe.
