2700 4186
162 256 228 316 102¹
484 238 597 296 FIRST
623 237 744 294 LATIN
771 237 935 293 READER

159 428 279 484 mortui
297 422 329 483 in
351 420 499 483 favillam
519 420 663 481 residere
689 427 778 499 passi
800 428 887 492 sunt,
906 425 972 499 que
996 423 1114 498 postee
1139 419 1269 480 maiere

158 531 256 587 amici
270 524 384 587 dolere
401 512 621 598 afficerentur,
639 542 714 585 cum
736 521 806 584 eius
828 527 942 584 cesum
959 521 1110 584 viderent
1124 520 1268 583 miserri-

159 647 258 691 mum.

584 784 767 850 LESSON
799 785 840 865 85

440 953 497 1019 An
520 953 626 1035 Early
647 953 810 1034 Mornt'ng
833 951 989 1034 Surprise

200 1101 290 1175 Olim
305 1108 392 1174 Galli
407 1108 549 1189 Indique
565 1106 738 1170 castellum
756 1106 923 1189 quoddam
941 1106 1050 1169 hieme
1066 1114 1266 1187 expugnere

133 1213 408 1283 scenstituerant.
456 1211 569 1293 Quere
588 1230 649 1293 per
665 1211 775 1272 nivem
793 1209 894 1272 altam
912 1217 1042 1272 summe
1059 1209 1172 1272 labere
1190 1219 1265 1290 pre-

156 1323 272 1399 gressi
290 1327 387 1378 nocte
414 1316 616 1396 intempeste
642 1313 675 1376 in
704 1313 786 1376 silva
811 1312 900 1374 haud
926 1311 1108 1394 proculab
1134 1315 1266 1394 oppid&

155 1431 265 1485 castra
283 1419 550 1502 colloceverunt3
579 1417 710 1493 deinde,
728 1417 974 1498 impedimentis
995 1416 1162 1497 praesidis)
1184 1439 1265 1498 pau-

156 1534 204 1589 cis
226 1523 359 1599 relictis,
376 1524 490 1604 vigilie
512 1529 630 1608 querte
648 1523 721 1584 fere
743 1527 858 1583 execti
880 1521 921 1582 ad
942 1521 1143 1582 menitienes
1164 1523 1263 1602 pede·
1309 1533 1314 1546 '

156 1629 309 1709 temptim
320 1635 542 1690 accesserunt.
578 1626 666 1688 Nam
680 1645 740 1706 per
756 1627 865 1688 nivem
878 1625 955 1705 gelu
966 1623 1107 1704 rigidam
1121 1624 1184 1687 iter
1195 1625 1264 1688 iam

118 1753 148 1790 ιο
156 1732 348 1795 faciendum
370 1742 450 1804 erat,
468 1731 695 1812 timebantque
711 1737 754 1792 ne
770 1750 872 1792 sonus
889 1736 908 1791 {1
925 1729 1050 1792 colenis
1071 1730 1263 1808 audiretur;

157 1856 257 1918 quam
281 1835 323 1898 ob
347 1855 416 1898 rem
437 1835 479 1897 ab
500 1834 700 1916 imperetere
723 1835 803 1896 iussi
824 1844 920 1896 erant
940 1834 1075 1914 paulum
1094 1837 1262 1915 pregredi,

156 1950 227 2003 tum
246 1939 381 2022 paulum
397 1945 495 2014 stere,
513 1949 582 2002 tum
605 1939 724 2000 iterum
749 1938 884 2018 paulum
909 1939 1073 2018 pregredi,
1092 1947 1129 2000 ut
1145 1941 1264 2020 strepi-

156 2053 210 2107 tus
233 2043 398 2106 exercitus
421 2061 482 2124 per
502 2041 611 2105 nivem
634 2043 697 2104 iter
712 2041 867 2105 facientis
885 2062 986 2104 sonus
1002 2051 1130 2104 tantum
1147 2050 1265 2106 vente

156 2167 228 2210 rum
245 2147 420 2211 videretur.
468 2146 517 2209 At
533 2145 614 2207 nihil
631 2145 887 2227 suspicabantur
907 2147 1031 2221 coleni3
1056 2154 1135 2228 quin
1159 2148 1264 2210 etiam

119 2251 311 2332 15cust6des
324 2250 388 2332 ipsi
399 2257 517 2312 somne
529 2249 727 2329 gravissime
743 2248 967 2331 quiescebant.
1017 2250 1134 2332 ltaque
1147 2251 1265 2314 hostes

156 2355 314 2418 facillime
335 2354 368 2416 in
390 2354 564 2416 castellum
580 2360 823 2436 pervenerunt3
847 2355 904 2415 nix
920 2355 1008 2417 enim
1026 2361 1091 2417 unzi
1108 2376 1148 2418 ex
1166 2368 1265 2436 parte

158 2559 283 2621 ululetu
295 2564 364 2620 ecri
373 2557 513 2631 sublete,
525 2555 657 2619 barbari
670 2556 804 2619 colentis
818 2557 1010 2638 perterrites
1021 2559 1197 2620 censestim
1210 2560 1265 2622 de-

159 2668 327 2725 trexerunt
338 2668 356 2723 e
366 2661 470 2736 lectis,
481 2670 515 2723 et
525 2660 670 2742 undique
681 2661 801 2723 caedes
814 2661 1034 2743 incendiaque
1047 2662 1264 2728 miscuerunt.

203 2817 227 2853 1.
253 2803 366 2854 mortui:
412 2817 444 2854 as
486 2815 562 2854 noun
606 2801 684 2872 (gen.
734 2800 865 2865 rigidam:
879 2802 990 2866 rigidus,
1009 2816 1046 2869 -ε,
1061 2816 1126 2868 -um,
1142 2807 1264 2861 crustat.

157 2879 684 2950 masc.).-nvunm2nvun·ae,1=.,
734 2878 775 2933 lit.
789 2880 859 2950 stiffi
1066 2903 1068 2909 ·

156 2961 447 3013 mbas-residere:
464 2964 559 3027 reside,
570 2976 595 3030 3,
605 2963 683 3026 sedi,
781 2979 820 3013 ιο.
847 2966 895 3014 ne:
916 2971 982 3016 note
998 2961 1046 3016 the
1061 2970 1157 3018 nature
1168 2962 1201 3017 of
1215 2964 1266 3020 the

156 3041 220 3094 sink
243 3040 450 3106 dom-qud:
477 3040 510 3095 ci.
535 3059 561 3110 p.
584 3056 641 3108 101,
663 3041 682 3095 i.
733 3041 888 3113 governing
899 3042 975 3096 verl.

159 3121 367 3186 14.·-maiere:
390 3120 446 3189 (all
454 3121 513 3190 the)
522 3128 646 3192 greater.
781 3139 821 3186 13.
847 3123 990 3177 facientis:
1017 3122 1172 3195 modilying
1189 3140 1266 3179 exer-

201 3219 227 3254 a.
251 3205 348 3255 amici:
369 3219 444 3255 nom.
459 3201 497 3270 pl.
734 3203 963 3257 cithu-nonus:
992 3204 1068 3274 pred.
1093 3221 1169 3259 nom.
1196 3205 1264 3261 with

200 3300 226 3348 4.
253 3283 357 3335 hieme:
384 3281 438 3336 abl.
461 3280 493 3336 of
514 3281 580 3336 time
604 3281 684 3337 when
735 3284 870 3336 videretur
909 3285 962 3355 (sc.
997 3283 1264 3354 escol-tantum:

158 3380 190 3420 or
200 3361 297 3417 within
308 3361 406 3418 which.
735 3362 783 3417 the
795 3364 856 3417 adv.

202 3460 226 3509 7.
252 3448 362 3510 paucis:
382 3460 412 3497 as
428 3442 543 3514 (masc.)
560 3459 642 3497 noun.
781 3450 821 3496 16.
847 3450 901 3497 fine
919 3460 953 3498 ex
970 3449 1062 3512 parte:
1086 3445 1120 3500 cl.
1138 3447 1265 3502 omnibus

200 3533 226 3579 8.
251 3528 363 3578 execti:
395 3524 463 3578 from
488 3525 589 3590 exign;
620 3540 685 3578 con·
735 3538 769 3576 ex
783 3526 913 3590 partibus,
927 3544 955 3595 p.
970 3541 1012 3592 44,
1026 3526 1045 3580 l.
1059 3526 1084 3579 6.

157 3614 232 3661 sime
243 3604 309 3659 with
323 3605 429 3670 vigilii,
448 3603 503 3657 and
517 3602 608 3658 cithe
620 3611 686 3659 note
782 3620 822 3668 ιγ.
848 3610 1002 3659 exsterent:
1035 3611 1121 3669 exnte,
1148 3621 1170 3672 1,
1185 3637 1261 3676 -,

158 3705 195 3743 nn
208 3704 236 3757 p.
249 3700 293 3757 91,
306 3683 325 3739 l.
344 3696 382 3750 17·
428 3728 430 3735 .
736 3713 814 3749 --,
825 3686 937 3756 Μαί,
947 3704 978 3740 or
990 3690 1098 3756 appear
1113 3688 1236 3758 (abwe).

201 3785 225 3840 ⁹·
251 3769 328 3838 geli:
349 3769 433 3833 gelus.
447 3769 495 3832 in,
510 3777 549 3833 n„
564 3771 641 3818 trast-
651 3793 683 3805 -
775 3782 815 3832 ις,
840 3769 943 3819 caedes.
955 3775 996 3819 etc
1018 3787 1023 3798 ·
1038 3768 1065 3819 ct
1086 3784 1111 3847 p.
1122 3769 1165 3834 78,
1175 3769 1193 3823 l.
1202 3786 1228 3842 9.
