<?xml version="1.0" encoding="UTF-8"?>
<!DOCTYPE html PUBLIC "-//W3C//DTD XHTML 1.0 Transitional//EN"
    "http://www.w3.org/TR/xhtml1/DTD/xhtml1-transitional.dtd">
<html xmlns="http://www.w3.org/1999/xhtml" xml:lang="en" lang="en">
 <head>
  <title>
</title>
<meta http-equiv="Content-Type" content="text/html;charset=utf-8" />
  <meta name='ocr-system' content='tesseract 3.04.00' />
  <meta name='ocr-capabilities' content='ocr_page ocr_carea ocr_par ocr_line ocrx_word'/>
</head>
<body>
  <div class='ocr_page' id='page_1' title='image "./afirstlatinread00nuttgoog_0087.png"; bbox 0 0 2700 4186; ppageno 0'>
   <div class='ocr_carea' id='block_1_1' title="bbox 104 215 882 278">
    <p class='ocr_par' dir='ltr' id='par_1_1' title="bbox 104 215 882 278">
     <span class='ocr_line' id='line_1_1' title="bbox 104 215 882 278; baseline -0.01 0"><span class='ocrx_word' id='word_1_1' title='bbox 104 215 144 278; x_wconf 87' lang='lat'>66</span> <span class='ocrx_word' id='word_1_2' title='bbox 429 215 543 273; x_wconf 86' lang='lat' dir='ltr'>FIRST</span> <span class='ocrx_word' id='word_1_3' title='bbox 568 215 690 272; x_wconf 86' lang='lat' dir='ltr'><strong>LATIN</strong></span> <span class='ocrx_word' id='word_1_4' title='bbox 716 215 882 271; x_wconf 88' lang='lat' dir='ltr'><strong>READER</strong></span> 
     </span>
    </p>
   </div>
   <div class='ocr_carea' id='block_1_2' title="bbox 63 394 1212 2040">
    <p class='ocr_par' dir='ltr' id='par_1_2' title="bbox 63 394 1212 2040">
     <span class='ocr_line' id='line_1_2' title="bbox 104 394 1207 472; baseline -0.002 -13"><span class='ocrx_word' id='word_1_5' title='bbox 104 399 241 472; x_wconf 89' lang='lat' dir='ltr'>nissent,</span> <span class='ocrx_word' id='word_1_6' title='bbox 258 395 394 459; x_wconf 93' lang='lat' dir='ltr'>colonos</span> <span class='ocrx_word' id='word_1_7' title='bbox 418 395 529 459; x_wconf 90' lang='lat' dir='ltr'>statim</span> <span class='ocrx_word' id='word_1_8' title='bbox 554 402 591 458; x_wconf 75' lang='lat' dir='ltr'>so</span> <span class='ocrx_word' id='word_1_9' title='bbox 613 394 734 458; x_wconf 76' lang='lat' dir='ltr'>dedere</span> <span class='ocrx_word' id='word_1_10' title='bbox 757 395 935 458; x_wconf 72' lang='lat' dir='ltr'>iusserunt.</span> <span class='ocrx_word' id='word_1_11' title='bbox 984 395 1074 458; x_wconf 89' lang='lat' dir='ltr'>Dato</span> <span class='ocrx_word' id='word_1_12' title='bbox 1095 405 1207 459; x_wconf 87' lang='lat' dir='ltr'>autem</span> 
     </span>
     <span class='ocr_line' id='line_1_3' title="bbox 104 497 1208 582; baseline 0 -20"><span class='ocrx_word' id='word_1_13' title='bbox 104 508 266 582; x_wconf 91' lang='lat' dir='ltr'>responso</span> <span class='ocrx_word' id='word_1_14' title='bbox 289 500 425 561; x_wconf 75' lang='lat' dir='ltr'>minimo</span> <span class='ocrx_word' id='word_1_15' title='bbox 452 506 557 580; x_wconf 74' lang='lat' dir='ltr'>groto,</span> <span class='ocrx_word' id='word_1_16' title='bbox 581 500 741 561; x_wconf 76' lang='lat' dir='ltr'>ocerrime</span> <span class='ocrx_word' id='word_1_17' title='bbox 767 497 813 561; x_wconf 90' lang='lat' dir='ltr'>ibi</span> <span class='ocrx_word' id='word_1_18' title='bbox 835 505 1020 580; x_wconf 76' lang='lat' dir='ltr'>pugnotunr</span> <span class='ocrx_word' id='word_1_19' title='bbox 1046 509 1116 561; x_wconf 93' lang='lat' dir='ltr'>est:</span> <span class='ocrx_word' id='word_1_20' title='bbox 1148 501 1208 562; x_wconf 89' lang='lat' dir='ltr'>sed</span> 
     </span>
     <span class='ocr_line' id='line_1_4' title="bbox 105 603 1207 686; baseline -0.003 -18"><span class='ocrx_word' id='word_1_21' title='bbox 105 605 265 680; x_wconf 83' lang='lat' dir='ltr'>Britanni,</span> <span class='ocrx_word' id='word_1_22' title='bbox 283 612 348 686; x_wconf 87' lang='lat' dir='ltr'>qui,</span> <span class='ocrx_word' id='word_1_23' title='bbox 367 615 403 665; x_wconf 94' lang='lat' dir='ltr'>ut</span> <span class='ocrx_word' id='word_1_24' title='bbox 419 611 521 684; x_wconf 82' lang='lat' dir='ltr'>suprai</span> <span class='ocrx_word' id='word_1_25' title='bbox 537 604 612 678; x_wconf 86' lang='lat' dir='ltr'>dixi,</span> <span class='ocrx_word' id='word_1_26' title='bbox 626 610 766 666; x_wconf 89' lang='lat' dir='ltr'>numero</span> <span class='ocrx_word' id='word_1_27' title='bbox 782 603 887 665; x_wconf 90' lang='lat' dir='ltr'>multo</span> <span class='ocrx_word' id='word_1_28' title='bbox 899 613 995 665; x_wconf 86' lang='lat' dir='ltr'>erant</span> <span class='ocrx_word' id='word_1_29' title='bbox 1007 603 1207 684; x_wconf 72' lang='lat' dir='ltr'>superiores,</span> 
     </span>
     <span class='ocr_line' id='line_1_5' title="bbox 104 707 1209 791; baseline -0.004 -19"><span class='ocrx_word' id='word_1_30' title='bbox 104 717 272 791; x_wconf 76' lang='lat' dir='ltr'>postremo</span> <span class='ocrx_word' id='word_1_31' title='bbox 303 708 570 771; x_wconf 76' lang='lat' dir='ltr'>conscenderunt</span> <span class='ocrx_word' id='word_1_32' title='bbox 602 707 810 782; x_wconf 57' lang='lat' dir='ltr'>monitionis,</span> <span class='ocrx_word' id='word_1_33' title='bbox 835 716 1011 788; x_wconf 89' lang='lat' dir='ltr'>castraque</span> <span class='ocrx_word' id='word_1_34' title='bbox 1040 714 1209 788; x_wconf 73' lang='lat' dir='ltr'>expugna-</span> 
     </span>
     <span class='ocr_line' id='line_1_6' title="bbox 79 810 1210 896; baseline -0.003 -20"><span class='ocrx_word' id='word_1_35' title='bbox 79 821 240 888; x_wconf 76' lang='lat' dir='ltr'>svorunt5</span> <span class='ocrx_word' id='word_1_36' title='bbox 264 821 344 896; x_wconf 90' lang='lat' dir='ltr'>quin</span> <span class='ocrx_word' id='word_1_37' title='bbox 371 812 471 875; x_wconf 82' lang='lat' dir='ltr'>etiarn</span> <span class='ocrx_word' id='word_1_38' title='bbox 499 812 621 874; x_wconf 85' lang='lat' dir='ltr'>virtote</span> <span class='ocrx_word' id='word_1_39' title='bbox 648 811 850 886; x_wconf 90' lang='lat' dir='ltr'>colonorum,</span> <span class='ocrx_word' id='word_1_40' title='bbox 883 819 939 893; x_wconf 88' lang='lat' dir='ltr'>qui</span> <span class='ocrx_word' id='word_1_41' title='bbox 966 813 1077 873; x_wconf 86' lang='lat' dir='ltr'>animo</span> <span class='ocrx_word' id='word_1_42' title='bbox 1109 810 1210 875; x_wconf 92' lang='lat' dir='ltr'>obsti-</span> 
     </span>
     <span class='ocr_line' id='line_1_7' title="bbox 103 914 1210 1007; baseline 0 -29"><span class='ocrx_word' id='word_1_43' title='bbox 103 925 182 980; x_wconf 72' lang='lat' dir='ltr'>noto</span> <span class='ocrx_word' id='word_1_44' title='bbox 212 919 410 992; x_wconf 83' lang='lat' dir='ltr'>restiterant,</span> <span class='ocrx_word' id='word_1_45' title='bbox 443 917 528 979; x_wconf 86' lang='lat' dir='ltr'>adeo</span> <span class='ocrx_word' id='word_1_46' title='bbox 565 914 754 979; x_wconf 74' lang='lat' dir='ltr'>exacerboti</span> <span class='ocrx_word' id='word_1_47' title='bbox 792 925 878 1007; x_wconf 79' lang='lat' dir='ltr'>sunt,</span> <span class='ocrx_word' id='word_1_48' title='bbox 911 919 947 977; x_wconf 88' lang='lat' dir='ltr'>ut</span> <span class='ocrx_word' id='word_1_49' title='bbox 978 922 1107 977; x_wconf 81' lang='lat' dir='ltr'>summai</span> <span class='ocrx_word' id='word_1_50' title='bbox 1138 923 1210 978; x_wconf 82' lang='lat' dir='ltr'>cro-</span> 
     </span>
     <span class='ocr_line' id='line_1_8' title="bbox 103 1019 1212 1102; baseline 0.001 -19"><span class='ocrx_word' id='word_1_51' title='bbox 103 1022 236 1085; x_wconf 75' lang='lat' dir='ltr'>delitote</span> <span class='ocrx_word' id='word_1_52' title='bbox 258 1023 448 1086; x_wconf 87' lang='lat' dir='ltr'>occiderent</span> <span class='ocrx_word' id='word_1_53' title='bbox 471 1020 601 1083; x_wconf 76' lang='lat' dir='ltr'>deditos</span> <span class='ocrx_word' id='word_1_54' title='bbox 624 1021 797 1102; x_wconf 89' lang='lat' dir='ltr'>quosdam,</span> <span class='ocrx_word' id='word_1_55' title='bbox 822 1029 879 1102; x_wconf 94' lang='lat' dir='ltr'>qui</span> <span class='ocrx_word' id='word_1_56' title='bbox 901 1039 994 1082; x_wconf 87' lang='lat' dir='ltr'>arma</span> <span class='ocrx_word' id='word_1_57' title='bbox 1016 1019 1082 1082; x_wconf 90' lang='lat' dir='ltr'>iam</span> <span class='ocrx_word' id='word_1_58' title='bbox 1104 1021 1212 1102; x_wconf 68' lang='lat' dir='ltr'>proie-</span> 
     </span>
     <span class='ocr_line' id='line_1_9' title="bbox 103 1138 226 1189; baseline 0.008 -1"><span class='ocrx_word' id='word_1_59' title='bbox 103 1138 226 1189; x_wconf 89' lang='lat' dir='ltr'>cerant.</span> 
     </span>
     <span class='ocr_line' id='line_1_10' title="bbox 149 1229 1207 1308; baseline 0.001 -16"><span class='ocrx_word' id='word_1_60' title='bbox 149 1231 280 1293; x_wconf 83' lang='lat' dir='ltr'>Deinde</span> <span class='ocrx_word' id='word_1_61' title='bbox 306 1241 428 1308; x_wconf 92' lang='lat' dir='ltr'>tamen,</span> <span class='ocrx_word' id='word_1_62' title='bbox 457 1241 567 1294; x_wconf 86' lang='lat' dir='ltr'>castra</span> <span class='ocrx_word' id='word_1_63' title='bbox 593 1230 745 1293; x_wconf 87' lang='lat' dir='ltr'>funditus</span> <span class='ocrx_word' id='word_1_64' title='bbox 773 1230 916 1293; x_wconf 75' lang='lat' dir='ltr'>dolenda</span> <span class='ocrx_word' id='word_1_65' title='bbox 942 1250 1017 1294; x_wconf 89' lang='lat' dir='ltr'>esse</span> <span class='ocrx_word' id='word_1_66' title='bbox 1047 1229 1207 1306; x_wconf 69' lang='lat' dir='ltr'>arbitritl,</span> 
     </span>
     <span class='ocr_line' id='line_1_11' title="bbox 64 1335 1206 1417; baseline 0.004 -25"><span class='ocrx_word' id='word_1_67' title='bbox 64 1335 292 1397; x_wconf 75' lang='lat' dir='ltr'>rovulnerotos</span> <span class='ocrx_word' id='word_1_68' title='bbox 312 1337 404 1417; x_wconf 92' lang='lat' dir='ltr'>prius</span> <span class='ocrx_word' id='word_1_69' title='bbox 427 1337 548 1399; x_wconf 85' lang='lat' dir='ltr'>efferre</span> <span class='ocrx_word' id='word_1_70' title='bbox 572 1343 775 1416; x_wconf 77' lang='lat' dir='ltr'>coeperunt3</span> <span class='ocrx_word' id='word_1_71' title='bbox 800 1335 859 1397; x_wconf 89' lang='lat' dir='ltr'>sed</span> <span class='ocrx_word' id='word_1_72' title='bbox 884 1335 916 1397; x_wconf 93' lang='lat' dir='ltr'>id</span> <span class='ocrx_word' id='word_1_73' title='bbox 940 1341 1034 1397; x_wconf 73' lang='lat' dir='ltr'>tanto</span> <span class='ocrx_word' id='word_1_74' title='bbox 1057 1335 1206 1410; x_wconf 78' lang='lat' dir='ltr'>saevitio,</span> 
     </span>
     <span class='ocr_line' id='line_1_12' title="bbox 102 1438 1206 1520; baseline 0.002 -21"><span class='ocrx_word' id='word_1_75' title='bbox 102 1446 139 1499; x_wconf 85' lang='lat' dir='ltr'>ut</span> <span class='ocrx_word' id='word_1_76' title='bbox 155 1439 306 1501; x_wconf 77' lang='lat' dir='ltr'>homines</span> <span class='ocrx_word' id='word_1_77' title='bbox 324 1439 433 1503; x_wconf 87' lang='lat' dir='ltr'>miseri</span> <span class='ocrx_word' id='word_1_78' title='bbox 448 1441 482 1501; x_wconf 93' lang='lat' dir='ltr'>in</span> <span class='ocrx_word' id='word_1_79' title='bbox 499 1459 628 1502; x_wconf 87' lang='lat' dir='ltr'>carrum</span> <span class='ocrx_word' id='word_1_80' title='bbox 645 1440 730 1501; x_wconf 90' lang='lat' dir='ltr'>alius</span> <span class='ocrx_word' id='word_1_81' title='bbox 747 1458 848 1520; x_wconf 89' lang='lat' dir='ltr'>super</span> <span class='ocrx_word' id='word_1_82' title='bbox 868 1439 969 1501; x_wconf 87' lang='lat' dir='ltr'>alium</span> <span class='ocrx_word' id='word_1_83' title='bbox 986 1438 1206 1501; x_wconf 90' lang='lat' dir='ltr'>abicerentur.</span> 
     </span>
     <span class='ocr_line' id='line_1_13' title="bbox 102 1543 1205 1624; baseline 0.001 -20"><span class='ocrx_word' id='word_1_84' title='bbox 102 1543 189 1604; x_wconf 92' lang='lat' dir='ltr'>Tum</span> <span class='ocrx_word' id='word_1_85' title='bbox 206 1550 225 1604; x_wconf 73' lang='lat' dir='ltr'>a</span> <span class='ocrx_word' id='word_1_86' title='bbox 243 1544 411 1606; x_wconf 85' lang='lat' dir='ltr'>Britannis</span> <span class='ocrx_word' id='word_1_87' title='bbox 427 1543 557 1606; x_wconf 85' lang='lat' dir='ltr'>circiter</span> <span class='ocrx_word' id='word_1_88' title='bbox 572 1543 691 1624; x_wconf 87' lang='lat' dir='ltr'>viginti</span> <span class='ocrx_word' id='word_1_89' title='bbox 710 1563 824 1606; x_wconf 91' lang='lat' dir='ltr'>carrus</span> <span class='ocrx_word' id='word_1_90' title='bbox 843 1544 921 1606; x_wconf 81' lang='lat' dir='ltr'>doci</span> <span class='ocrx_word' id='word_1_91' title='bbox 940 1553 1078 1624; x_wconf 89' lang='lat' dir='ltr'>coeptus</span> <span class='ocrx_word' id='word_1_92' title='bbox 1096 1543 1205 1605; x_wconf 90' lang='lat' dir='ltr'>estad</span> 
     </span>
     <span class='ocr_line' id='line_1_14' title="bbox 102 1646 1205 1729; baseline 0.001 -21"><span class='ocrx_word' id='word_1_93' title='bbox 102 1647 213 1709; x_wconf 88' lang='lat' dir='ltr'>villam</span> <span class='ocrx_word' id='word_1_94' title='bbox 238 1648 418 1729; x_wconf 88' lang='lat' dir='ltr'>quandam,</span> <span class='ocrx_word' id='word_1_95' title='bbox 445 1647 501 1709; x_wconf 95' lang='lat' dir='ltr'>ubi</span> <span class='ocrx_word' id='word_1_96' title='bbox 528 1648 690 1710; x_wconf 73' lang='lat' dir='ltr'>vulneroti</span> <span class='ocrx_word' id='word_1_97' title='bbox 716 1646 759 1710; x_wconf 90' lang='lat' dir='ltr'>ab</span> <span class='ocrx_word' id='word_1_98' title='bbox 787 1655 901 1710; x_wconf 87' lang='lat' dir='ltr'>amicis</span> <span class='ocrx_word' id='word_1_99' title='bbox 925 1655 1033 1710; x_wconf 71' lang='lat' dir='ltr'>corori</span> <span class='ocrx_word' id='word_1_100' title='bbox 1056 1657 1205 1728; x_wconf 88' lang='lat' dir='ltr'>possent.</span> 
     </span>
     <span class='ocr_line' id='line_1_15' title="bbox 103 1750 1206 1832; baseline 0 -20"><span class='ocrx_word' id='word_1_101' title='bbox 103 1751 151 1812; x_wconf 85' lang='lat' dir='ltr'>At</span> <span class='ocrx_word' id='word_1_102' title='bbox 167 1770 328 1832; x_wconf 89' lang='lat' dir='ltr'>praeceps</span> <span class='ocrx_word' id='word_1_103' title='bbox 345 1761 416 1814; x_wconf 90' lang='lat' dir='ltr'>erat</span> <span class='ocrx_word' id='word_1_104' title='bbox 430 1753 493 1826; x_wconf 89' lang='lat' dir='ltr'>via,</span> <span class='ocrx_word' id='word_1_105' title='bbox 508 1772 546 1815; x_wconf 90' lang='lat' dir='ltr'>ac</span> <span class='ocrx_word' id='word_1_106' title='bbox 564 1759 733 1832; x_wconf 63' lang='lat' dir='ltr'>postremo</span> <span class='ocrx_word' id='word_1_107' title='bbox 748 1758 769 1812; x_wconf 75' lang='lat' dir='ltr'>o</span> <span class='ocrx_word' id='word_1_108' title='bbox 785 1751 942 1814; x_wconf 86' lang='lat' dir='ltr'>militibus</span> <span class='ocrx_word' id='word_1_109' title='bbox 956 1771 1068 1814; x_wconf 90' lang='lat' dir='ltr'>carrus</span> <span class='ocrx_word' id='word_1_110' title='bbox 1082 1750 1206 1813; x_wconf 70' lang='lat' dir='ltr'>diritius</span> 
     </span>
     <span class='ocr_line' id='line_1_16' title="bbox 63 1853 1204 1936; baseline 0.001 -21"><span class='ocrx_word' id='word_1_111' title='bbox 63 1853 237 1926; x_wconf 76' lang='lat' dir='ltr'>15retineri</span> <span class='ocrx_word' id='word_1_112' title='bbox 260 1863 325 1916; x_wconf 90' lang='lat' dir='ltr'>non</span> <span class='ocrx_word' id='word_1_113' title='bbox 350 1865 491 1936; x_wconf 87' lang='lat' dir='ltr'>poterat,</span> <span class='ocrx_word' id='word_1_114' title='bbox 517 1857 575 1918; x_wconf 89' lang='lat' dir='ltr'>sed</span> <span class='ocrx_word' id='word_1_115' title='bbox 599 1875 658 1936; x_wconf 89' lang='lat' dir='ltr'>per</span> <span class='ocrx_word' id='word_1_116' title='bbox 683 1855 810 1918; x_wconf 71' lang='lat' dir='ltr'>declive</span> <span class='ocrx_word' id='word_1_117' title='bbox 833 1856 984 1918; x_wconf 89' lang='lat' dir='ltr'>celeriter</span> <span class='ocrx_word' id='word_1_118' title='bbox 1007 1855 1146 1930; x_wconf 69' lang='lat' dir='ltr'>delitus</span> <span class='ocrx_word' id='word_1_119' title='bbox 1171 1856 1204 1917; x_wconf 90' lang='lat' dir='ltr'>in</span> 
     </span>
     <span class='ocr_line' id='line_1_17' title="bbox 102 1957 1204 2040; baseline 0 -20"><span class='ocrx_word' id='word_1_120' title='bbox 102 1957 253 2021; x_wconf 89' lang='lat' dir='ltr'>arborem</span> <span class='ocrx_word' id='word_1_121' title='bbox 270 1960 386 2022; x_wconf 89' lang='lat' dir='ltr'>inlisus</span> <span class='ocrx_word' id='word_1_122' title='bbox 403 1968 462 2022; x_wconf 90' lang='lat' dir='ltr'>est.</span> <span class='ocrx_word' id='word_1_123' title='bbox 511 1960 591 2040; x_wconf 73' lang='lat' dir='ltr'>Ipso</span> <span class='ocrx_word' id='word_1_124' title='bbox 607 1961 826 2022; x_wconf 90' lang='lat' dir='ltr'>concussione</span> <span class='ocrx_word' id='word_1_125' title='bbox 843 1960 975 2040; x_wconf 88' lang='lat' dir='ltr'>quidam</span> <span class='ocrx_word' id='word_1_126' title='bbox 994 1959 1204 2022; x_wconf 65' lang='lat' dir='ltr'>{vulnerotis</span> 
     </span>
    </p>
   </div>
   <div class='ocr_carea' id='block_1_3' title="bbox 61 2048 1205 2541">
    <p class='ocr_par' dir='ltr' id='par_1_3' title="bbox 61 2048 1205 2541">
     <span class='ocr_line' id='line_1_18' title="bbox 101 2048 1204 2139; baseline 0.001 -16"><span class='ocrx_word' id='word_1_127' title='bbox 101 2048 270 2125; x_wconf 82' lang='lat' dir='ltr'>interfecti</span> <span class='ocrx_word' id='word_1_128' title='bbox 285 2082 359 2125; x_wconf 90' lang='lat' dir='ltr'>esse</span> <span class='ocrx_word' id='word_1_129' title='bbox 376 2064 548 2139; x_wconf 88' lang='lat' dir='ltr'>dicuntur;</span> <span class='ocrx_word' id='word_1_130' title='bbox 573 2083 612 2125; x_wconf 90' lang='lat' dir='ltr'>ac</span> <span class='ocrx_word' id='word_1_131' title='bbox 629 2070 815 2127; x_wconf 75' lang='lat' dir='ltr'>ceterorum</span> <span class='ocrx_word' id='word_1_132' title='bbox 835 2063 979 2125; x_wconf 74' lang='lat' dir='ltr'>ululotus</span> <span class='ocrx_word' id='word_1_133' title='bbox 996 2063 1096 2125; x_wconf 85' lang='lat' dir='ltr'>etiarn</span> <span class='ocrx_word' id='word_1_134' title='bbox 1113 2069 1204 2125; x_wconf 74' lang='lat' dir='ltr'>trons</span> 
     </span>
     <span class='ocr_line' id='line_1_19' title="bbox 102 2167 459 2245; baseline 0.006 -17"><span class='ocrx_word' id='word_1_135' title='bbox 102 2175 235 2245; x_wconf 92' lang='lat' dir='ltr'>portum</span> <span class='ocrx_word' id='word_1_136' title='bbox 252 2167 383 2229; x_wconf 90' lang='lat' dir='ltr'>auditus</span> <span class='ocrx_word' id='word_1_137' title='bbox 400 2178 459 2230; x_wconf 90' lang='lat' dir='ltr'>est.</span> 
     </span>
     <span class='ocr_line' id='line_1_20' title="bbox 147 2270 1205 2353; baseline -0.002 -20"><span class='ocrx_word' id='word_1_138' title='bbox 147 2271 214 2333; x_wconf 88' lang='lat' dir='ltr'>Sed</span> <span class='ocrx_word' id='word_1_139' title='bbox 227 2272 292 2332; x_wconf 90' lang='lat' dir='ltr'>iam</span> <span class='ocrx_word' id='word_1_140' title='bbox 306 2272 452 2353; x_wconf 90' lang='lat' dir='ltr'>undique</span> <span class='ocrx_word' id='word_1_141' title='bbox 465 2271 575 2333; x_wconf 92' lang='lat' dir='ltr'>coloni</span> <span class='ocrx_word' id='word_1_142' title='bbox 587 2270 720 2351; x_wconf 79' lang='lat' dir='ltr'>plorimi</span> <span class='ocrx_word' id='word_1_143' title='bbox 731 2272 773 2332; x_wconf 88' lang='lat' dir='ltr'>ad</span> <span class='ocrx_word' id='word_1_144' title='bbox 788 2270 947 2351; x_wconf 91' lang='lat' dir='ltr'>oppidum</span> <span class='ocrx_word' id='word_1_145' title='bbox 962 2270 1061 2333; x_wconf 83' lang='lat' dir='ltr'>suxili</span> <span class='ocrx_word' id='word_1_146' title='bbox 1074 2271 1205 2333; x_wconf 86' lang='lat' dir='ltr'>ferendi</span> 
     </span>
     <span class='ocr_line' id='line_1_21' title="bbox 61 2374 1205 2457; baseline 0.003 -23"><span class='ocrx_word' id='word_1_147' title='bbox 61 2380 202 2435; x_wconf 74' lang='lat' dir='ltr'>nocauso</span> <span class='ocrx_word' id='word_1_148' title='bbox 219 2375 453 2455; x_wconf 77' lang='lat' dir='ltr'>properabant,</span> <span class='ocrx_word' id='word_1_149' title='bbox 471 2376 651 2457; x_wconf 77' lang='lat' dir='ltr'>hostesque</span> <span class='ocrx_word' id='word_1_150' title='bbox 666 2376 817 2438; x_wconf 89' lang='lat' dir='ltr'>celeriter</span> <span class='ocrx_word' id='word_1_151' title='bbox 834 2375 876 2437; x_wconf 86' lang='lat' dir='ltr'>ad</span> <span class='ocrx_word' id='word_1_152' title='bbox 891 2381 985 2437; x_wconf 77' lang='lat' dir='ltr'>novis</span> <span class='ocrx_word' id='word_1_153' title='bbox 1005 2381 1041 2437; x_wconf 75' lang='lat' dir='ltr'>se</span> <span class='ocrx_word' id='word_1_154' title='bbox 1057 2374 1205 2455; x_wconf 86' lang='lat' dir='ltr'>recipere</span> 
     </span>
     <span class='ocr_line' id='line_1_22' title="bbox 102 2485 309 2541; baseline 0.01 -2"><span class='ocrx_word' id='word_1_155' title='bbox 102 2485 208 2540; x_wconf 73' lang='lat' dir='ltr'>coocti</span> <span class='ocrx_word' id='word_1_156' title='bbox 223 2489 309 2541; x_wconf 91' lang='lat' dir='ltr'>sunt.</span> 
     </span>
    </p>
   </div>
   <div class='ocr_carea' id='block_1_4' title="bbox 101 2693 1209 3811">
    <p class='ocr_par' dir='ltr' id='par_1_4' title="bbox 101 2693 1209 3811">
     <span class='ocr_line' id='line_1_23' title="bbox 163 2693 1206 2764; baseline 0.004 -19"><span class='ocrx_word' id='word_1_157' title='bbox 163 2712 188 2746; x_wconf 84' lang='lat'>2.</span> <span class='ocrx_word' id='word_1_158' title='bbox 215 2698 357 2759; x_wconf 85' lang='lat' dir='ltr'>responso:</span> <span class='ocrx_word' id='word_1_159' title='bbox 395 2711 480 2762; x_wconf 89' lang='lat' dir='ltr'>noun,</span> <span class='ocrx_word' id='word_1_160' title='bbox 514 2694 627 2748; x_wconf 83' lang='lat' dir='ltr'>derived</span> <span class='ocrx_word' id='word_1_161' title='bbox 679 2694 757 2748; x_wconf 84' lang='lat' dir='ltr'>when</span> <span class='ocrx_word' id='word_1_162' title='bbox 782 2693 830 2748; x_wconf 89' lang='lat' dir='ltr'>the</span> <span class='ocrx_word' id='word_1_163' title='bbox 854 2694 1012 2764; x_wconf 89' lang='lat' dir='ltr'>dependent</span> <span class='ocrx_word' id='word_1_164' title='bbox 1024 2693 1158 2749; x_wconf 86' lang='lat' dir='ltr'>infinitive</span> <span class='ocrx_word' id='word_1_165' title='bbox 1184 2695 1206 2749; x_wconf 91' lang='lat' dir='ltr'>is</span> 
     </span>
     <span class='ocr_line' id='line_1_24' title="bbox 101 2772 794 2838; baseline 0 -13"><span class='ocrx_word' id='word_1_166' title='bbox 101 2773 169 2826; x_wconf 83' lang='lat' dir='ltr'>from</span> <span class='ocrx_word' id='word_1_167' title='bbox 182 2777 338 2838; x_wconf 80' lang='lat' dir='ltr'>respondeo.</span> <span class='ocrx_word' id='word_1_168' title='bbox 679 2772 794 2836; x_wconf 76' lang='lat' dir='ltr'>passive.</span> 
     </span>
     <span class='ocr_line' id='line_1_25' title="bbox 163 2854 1163 2920; baseline 0.003 -13"><span class='ocrx_word' id='word_1_169' title='bbox 163 2873 188 2918; x_wconf 82' lang='lat'>³·</span> <span class='ocrx_word' id='word_1_170' title='bbox 214 2859 260 2907; x_wconf 89' lang='lat' dir='ltr'>ut:</span> <span class='ocrx_word' id='word_1_171' title='bbox 280 2873 320 2907; x_wconf 85' lang='lat' dir='ltr'>as.</span> <span class='ocrx_word' id='word_1_172' title='bbox 725 2872 764 2918; x_wconf 76' lang='lat'>13.</span> <span class='ocrx_word' id='word_1_173' title='bbox 791 2860 918 2920; x_wconf 81' lang='lat' dir='ltr'>possent:</span> <span class='ocrx_word' id='word_1_174' title='bbox 939 2862 1004 2909; x_wconf 93' lang='lat' dir='ltr'>note</span> <span class='ocrx_word' id='word_1_175' title='bbox 1015 2854 1062 2908; x_wconf 90' lang='lat' dir='ltr'>the</span> <span class='ocrx_word' id='word_1_176' title='bbox 1072 2855 1163 2910; x_wconf 82' lang='lat' dir='ltr'>mood</span> 
     </span>
     <span class='ocr_line' id='line_1_26' title="bbox 163 2934 1204 3008; baseline 0.005 -22"><span class='ocrx_word' id='word_1_177' title='bbox 163 2941 188 2988; x_wconf 84' lang='lat'>6.</span> <span class='ocrx_word' id='word_1_178' title='bbox 214 2938 296 2988; x_wconf 73' lang='lat' dir='ltr'>adeo:</span> <span class='ocrx_word' id='word_1_179' title='bbox 329 2934 361 2990; x_wconf 85' lang='lat' dir='ltr'>cf.</span> <span class='ocrx_word' id='word_1_180' title='bbox 387 2952 415 3005; x_wconf 90' lang='lat' dir='ltr'>p.</span> <span class='ocrx_word' id='word_1_181' title='bbox 443 2950 467 3006; x_wconf 78' lang='grc' dir='ltr'>ς,</span> <span class='ocrx_word' id='word_1_182' title='bbox 491 2935 511 2990; x_wconf 92' lang='grc'>1.</span> <span class='ocrx_word' id='word_1_183' title='bbox 543 2937 628 2990; x_wconf 82' lang='lat'><em>18.-</em></span> <span class='ocrx_word' id='word_1_184' title='bbox 725 2954 765 2999; x_wconf 84' lang='lat'>14·</span> <span class='ocrx_word' id='word_1_185' title='bbox 792 2950 920 3002; x_wconf 74' lang='lat' dir='ltr'>praeceps</span> <span class='ocrx_word' id='word_1_186' title='bbox 956 2936 1083 3006; x_wconf 76' lang='lat' dir='ltr'>(cipitis,</span> <span class='ocrx_word' id='word_1_187' title='bbox 1114 2936 1204 3008; x_wconf 89' lang='lat' dir='ltr'>adj.):</span> 
     </span>
     <span class='ocr_line' id='line_1_27' title="bbox 102 3019 761 3086; baseline 0.002 -19"><span class='ocrx_word' id='word_1_188' title='bbox 102 3019 254 3070; x_wconf 77' lang='lat' dir='ltr'>exacerboti</span> <span class='ocrx_word' id='word_1_189' title='bbox 275 3020 354 3069; x_wconf 88' lang='lat' dir='ltr'>sunt:</span> <span class='ocrx_word' id='word_1_190' title='bbox 375 3019 511 3084; x_wconf 78' lang='lat' dir='ltr'>exacerbo,</span> <span class='ocrx_word' id='word_1_191' title='bbox 539 3033 560 3085; x_wconf 91' lang='lat'>1,</span> <span class='ocrx_word' id='word_1_192' title='bbox 585 3034 629 3071; x_wconf 81' lang='lat' dir='ltr'>cx·</span> <span class='ocrx_word' id='word_1_193' title='bbox 679 3019 761 3086; x_wconf 77' lang='lat' dir='ltr'>steep.</span> 
     </span>
     <span class='ocr_line' id='line_1_28' title="bbox 101 3098 1209 3168; baseline 0.001 -18"><span class='ocrx_word' id='word_1_194' title='bbox 101 3101 238 3166; x_wconf 75' lang='lat' dir='ltr'>asperale.</span> <span class='ocrx_word' id='word_1_195' title='bbox 725 3113 764 3161; x_wconf 85' lang='lat'>15.</span> <span class='ocrx_word' id='word_1_196' title='bbox 792 3112 840 3162; x_wconf 87' lang='lat' dir='ltr'>per</span> <span class='ocrx_word' id='word_1_197' title='bbox 875 3100 994 3150; x_wconf 70' lang='lat' dir='ltr'>declive:</span> <span class='ocrx_word' id='word_1_198' title='bbox 1046 3098 1132 3168; x_wconf 81' lang='lat' dir='ltr'>along</span> <span class='ocrx_word' id='word_1_199' title='bbox 1163 3099 1209 3151; x_wconf 82' lang='lat' dir='ltr'>the</span> 
     </span>
     <span class='ocr_line' id='line_1_29' title="bbox 164 3177 1206 3248; baseline 0.001 -19"><span class='ocrx_word' id='word_1_200' title='bbox 164 3194 188 3242; x_wconf 87' lang='lat'>7.</span> <span class='ocrx_word' id='word_1_201' title='bbox 215 3179 334 3231; x_wconf 76' lang='lat' dir='ltr'>deditos:</span> <span class='ocrx_word' id='word_1_202' title='bbox 356 3194 386 3231; x_wconf 87' lang='lat' dir='ltr'>as</span> <span class='ocrx_word' id='word_1_203' title='bbox 406 3195 497 3246; x_wconf 82' lang='lat' dir='ltr'>noun3</span> <span class='ocrx_word' id='word_1_204' title='bbox 516 3177 549 3233; x_wconf 87' lang='lat' dir='ltr'>cf.</span> <span class='ocrx_word' id='word_1_205' title='bbox 569 3183 628 3232; x_wconf 91' lang='lat' dir='ltr'>vul-</span> <span class='ocrx_word' id='word_1_206' title='bbox 679 3177 753 3247; x_wconf 80' lang='lat' dir='ltr'>slope</span> <span class='ocrx_word' id='word_1_207' title='bbox 760 3196 770 3242; x_wconf 79' lang='lat'>,-</span> <span class='ocrx_word' id='word_1_208' title='bbox 789 3180 892 3230; x_wconf 75' lang='lat' dir='ltr'>declive</span> <span class='ocrx_word' id='word_1_209' title='bbox 900 3177 1206 3248; x_wconf 85' lang='lat' dir='ltr'>beingusedasaneut.</span> 
     </span>
     <span class='ocr_line' id='line_1_30' title="bbox 101 3257 1207 3330; baseline 0.002 -20"><span class='ocrx_word' id='word_1_210' title='bbox 101 3262 217 3324; x_wconf 82' lang='lat' dir='ltr'>neritos,</span> <span class='ocrx_word' id='word_1_211' title='bbox 235 3259 254 3311; x_wconf 94' lang='lat' dir='ltr'>l.</span> <span class='ocrx_word' id='word_1_212' title='bbox 277 3273 318 3312; x_wconf 88' lang='lat'>10.</span> <span class='ocrx_word' id='word_1_213' title='bbox 680 3275 755 3312; x_wconf 89' lang='lat' dir='ltr'>noun</span> <span class='ocrx_word' id='word_1_214' title='bbox 770 3257 853 3330; x_wconf 83' lang='lat' dir='ltr'>(from</span> <span class='ocrx_word' id='word_1_215' title='bbox 869 3261 991 3324; x_wconf 77' lang='lat' dir='ltr'>doclivis,</span> <span class='ocrx_word' id='word_1_216' title='bbox 1004 3261 1050 3325; x_wconf 88' lang='lat' dir='ltr'>-is,</span> <span class='ocrx_word' id='word_1_217' title='bbox 1062 3275 1097 3325; x_wconf 91' lang='lat' dir='ltr'>-e,</span> <span class='ocrx_word' id='word_1_218' title='bbox 1109 3261 1207 3330; x_wconf 81' lang='lat' dir='ltr'>stcep).</span> 
     </span>
     <span class='ocr_line' id='line_1_31' title="bbox 163 3338 1207 3410; baseline 0 -17"><span class='ocrx_word' id='word_1_219' title='bbox 163 3357 188 3404; x_wconf 80' lang='lat'>9.</span> <span class='ocrx_word' id='word_1_220' title='bbox 214 3339 354 3393; x_wconf 79' lang='lat' dir='ltr'>funditus:</span> <span class='ocrx_word' id='word_1_221' title='bbox 381 3341 455 3407; x_wconf 80' lang='lat' dir='ltr'>adv,</span> <span class='ocrx_word' id='word_1_222' title='bbox 472 3341 576 3410; x_wconf 83' lang='lat' dir='ltr'>totally,</span> <span class='ocrx_word' id='word_1_223' title='bbox 598 3358 630 3394; x_wconf 88' lang='lat' dir='ltr'>or</span> <span class='ocrx_word' id='word_1_224' title='bbox 678 3341 843 3392; x_wconf 74' lang='lat' dir='ltr'>—dolotusc</span> <span class='ocrx_word' id='word_1_225' title='bbox 863 3341 908 3392; x_wconf 59' lang='lat' dir='ltr'>tle.</span> <span class='ocrx_word' id='word_1_226' title='bbox 928 3338 1033 3410; x_wconf 83' lang='lat' dir='ltr'>rolling</span> <span class='ocrx_word' id='word_1_227' title='bbox 1046 3341 1147 3407; x_wconf 63' lang='lat' dir='ltr'>doum</span> <span class='ocrx_word' id='word_1_228' title='bbox 1167 3339 1207 3393; x_wconf 93' lang='lat' dir='ltr'>lit.</span> 
     </span>
     <span class='ocr_line' id='line_1_32' title="bbox 102 3419 769 3492; baseline -0.003 -19"><span class='ocrx_word' id='word_1_229' title='bbox 102 3421 403 3490; x_wconf 59' lang='lat' dir='ltr'>aldulf—arbitrio:</span> <span class='ocrx_word' id='word_1_230' title='bbox 424 3421 458 3476; x_wconf 85' lang='lat' dir='ltr'>cf.</span> <span class='ocrx_word' id='word_1_231' title='bbox 469 3424 594 3492; x_wconf 87' lang='lat' dir='ltr'>veriti,p.</span> <span class='ocrx_word' id='word_1_232' title='bbox 603 3437 627 3486; x_wconf 89' lang='lat'>2,</span> <span class='ocrx_word' id='word_1_233' title='bbox 679 3419 769 3472; x_wconf 87' lang='lat' dir='ltr'>what?</span> 
     </span>
     <span class='ocr_line' id='line_1_33' title="bbox 101 3501 1209 3570; baseline 0.001 -16"><span class='ocrx_word' id='word_1_234' title='bbox 101 3501 176 3568; x_wconf 90' lang='lat'>1.17.</span> <span class='ocrx_word' id='word_1_235' title='bbox 725 3506 766 3552; x_wconf 86' lang='lat'>16.</span> <span class='ocrx_word' id='word_1_236' title='bbox 792 3502 978 3554; x_wconf 81' lang='lat' dir='ltr'>concussione:</span> <span class='ocrx_word' id='word_1_237' title='bbox 1062 3502 1209 3570; x_wconf 79' lang='lat' dir='ltr'>concussio,</span> 
     </span>
     <span class='ocr_line' id='line_1_34' title="bbox 147 3581 1050 3654; baseline 0.001 -20"><span class='ocrx_word' id='word_1_238' title='bbox 147 3600 186 3635; x_wconf 88' lang='lat'>10.</span> <span class='ocrx_word' id='word_1_239' title='bbox 213 3584 257 3635; x_wconf 85' lang='lat' dir='ltr'>id:</span> <span class='ocrx_word' id='word_1_240' title='bbox 278 3582 458 3637; x_wconf 77' lang='lat' dir='ltr'>sciocomnt.</span> <span class='ocrx_word' id='word_1_241' title='bbox 679 3583 756 3646; x_wconf 82' lang='lat' dir='ltr'>onis,</span> <span class='ocrx_word' id='word_1_242' title='bbox 769 3595 807 3647; x_wconf 66' lang='lat' dir='ltr'>a,</span> <span class='ocrx_word' id='word_1_243' title='bbox 820 3581 990 3635; x_wconf 62' lang='lat' dir='ltr'>skaal-oz</span> <span class='ocrx_word' id='word_1_244' title='bbox 1010 3582 1050 3654; x_wconf 83' lang='lat' dir='ltr'>os.</span> 
     </span>
     <span class='ocr_line' id='line_1_35' title="bbox 147 3661 1208 3732; baseline 0.001 -17"><span class='ocrx_word' id='word_1_245' title='bbox 147 3682 185 3715; x_wconf 83' lang='lat'>12.</span> <span class='ocrx_word' id='word_1_246' title='bbox 211 3667 320 3729; x_wconf 83' lang='lat' dir='ltr'>coeptus</span> <span class='ocrx_word' id='word_1_247' title='bbox 348 3667 406 3717; x_wconf 92' lang='lat' dir='ltr'>est:</span> <span class='ocrx_word' id='word_1_248' title='bbox 445 3664 492 3718; x_wconf 92' lang='lat' dir='ltr'>the</span> <span class='ocrx_word' id='word_1_249' title='bbox 520 3663 628 3732; x_wconf 86' lang='lat' dir='ltr'>passive</span> <span class='ocrx_word' id='word_1_250' title='bbox 726 3679 764 3724; x_wconf 83' lang='lat'>19.</span> <span class='ocrx_word' id='word_1_251' title='bbox 790 3665 890 3714; x_wconf 81' lang='lat' dir='ltr'>auxili:</span> <span class='ocrx_word' id='word_1_252' title='bbox 927 3661 961 3717; x_wconf 84' lang='lat' dir='ltr'>ef.</span> <span class='ocrx_word' id='word_1_253' title='bbox 992 3661 1040 3716; x_wconf 87' lang='lat' dir='ltr'>the</span> <span class='ocrx_word' id='word_1_254' title='bbox 1075 3670 1142 3718; x_wconf 86' lang='lat' dir='ltr'>note</span> <span class='ocrx_word' id='word_1_255' title='bbox 1170 3680 1208 3718; x_wconf 91' lang='lat' dir='ltr'>on</span> 
     </span>
     <span class='ocr_line' id='line_1_36' title="bbox 101 3741 985 3811; baseline 0.003 -17"><span class='ocrx_word' id='word_1_256' title='bbox 101 3741 185 3796; x_wconf 86' lang='lat' dir='ltr'>forms</span> <span class='ocrx_word' id='word_1_257' title='bbox 221 3741 253 3797; x_wconf 86' lang='lat' dir='ltr'>oi</span> <span class='ocrx_word' id='word_1_258' title='bbox 285 3742 340 3797; x_wconf 87' lang='lat' dir='ltr'>this</span> <span class='ocrx_word' id='word_1_259' title='bbox 377 3742 443 3797; x_wconf 88' lang='lat' dir='ltr'>verb</span> <span class='ocrx_word' id='word_1_260' title='bbox 478 3759 524 3796; x_wconf 83' lang='lat' dir='ltr'>are</span> <span class='ocrx_word' id='word_1_261' title='bbox 561 3742 628 3796; x_wconf 88' lang='lat' dir='ltr'>used</span> <span class='ocrx_word' id='word_1_262' title='bbox 680 3743 815 3808; x_wconf 80' lang='lat' dir='ltr'>standisi,</span> <span class='ocrx_word' id='word_1_263' title='bbox 827 3760 855 3811; x_wconf 87' lang='lat' dir='ltr'>p.</span> <span class='ocrx_word' id='word_1_264' title='bbox 874 3743 914 3809; x_wconf 88' lang='lat'>16,</span> <span class='ocrx_word' id='word_1_265' title='bbox 926 3743 985 3808; x_wconf 58' lang='lat' dir='ltr'>ld„</span> 
     </span>
    </p>
   </div>
   <div class='ocr_carea' id='block_1_5' title="bbox 0 0 1354 4186">
    <p class='ocr_par' dir='ltr' id='par_1_5' title="bbox 0 0 1354 4186">
     <span class='ocr_line' id='line_1_37' title="bbox 0 0 1354 4186; baseline 0 0"><span class='ocrx_word' id='word_1_266' title='bbox 0 0 1354 4186; x_wconf 95' lang='lat' dir='ltr'> </span> 
     </span>
    </p>
   </div>
  </div>
 </body>
</html>
