2700 4186
163 259 201 324 74
498 245 612 304 Fmsr
637 246 760 304 sarm
787 245 953 305 aarum

204 426 278 489 Etsi
296 427 434 490 vulnera
453 427 597 490 Arnoldi
619 434 686 490 non
710 436 806 491 erant
821 427 975 504 exitialia,
992 437 1126 511 tempus
1149 439 1264 494 tamen

159 537 257 593 morti
279 530 598 611 opportunissimum
622 541 703 594 erat.
753 531 878 596 Odium
897 531 986 595 enim
1011 533 1180 615 perfidiae,
1199 541 1266 618 qui

158 634 214 697 ille
237 640 354 715 postea
374 641 453 697 risus
476 644 536 710 est,
557 634 697 716 gloriam
716 635 787 699 eius
804 642 915 698 rerum
939 643 1109 718 gestarum
1130 657 1268 720 semper

158 739 295 813 obruet;
327 747 406 820 quin
430 737 529 802 etiam
551 737 707 801 traditum
729 750 781 803 est
795 735 848 822 (ut
871 747 972 822 supra
991 747 1267 823 commemoravi)

135 849 201 905 sne
218 844 396 910 Britannos
412 843 556 924 quidem,
573 852 631 924 qui
652 845 724 907 eius
746 843 884 925 perfidia
898 844 1071 908 victoriam
1094 852 1129 908 se
1152 853 1266 908 nactu-

159 954 212 1009 ros
223 954 447 1027 speraverant,
459 946 627 1010 hominem
640 946 708 1010 tillo
719 948 754 1010 in
765 947 891 1011 honore
903 946 1070 1024 habuisse,
1084 959 1265 1030 postquam

58 1048 61 1058 “
158 1049 282 1114 bellum
299 1051 490 1115 confectum
508 1061 607 1116 esset.

581 1217 765 1284 LESSON
796 1218 841 1298 64

531 1383 733 1448 Unwelcome
758 1384 900 1449 Visitors

204 1530 364 1605 Britanni,
381 1549 456 1592 cum
473 1528 539 1592 iam
555 1529 672 1592 iterum
691 1549 766 1592 cum
786 1530 998 1595 Americanis
1019 1543 1174 1614 gererent
1198 1531 1264 1596 bel-

159 1634 225 1697 lum
244 1643 431 1715 pugnisque
447 1631 621 1695 navalibus
640 1653 741 1714 saepe
760 1633 839 1696 vieti
857 1645 979 1708 essent,
996 1642 1170 1716 postremo*
1188 1643 1264 1698 con·

120 1739 338 1801 instituerunt
364 1756 469 1818 usque
500 1735 542 1798 ad
574 1735 787 1800 Lovisianam
819 1736 960 1800 classem
992 1738 1130 1814 mittere,
1160 1748 1188 1801 si
1219 1738 1265 1801 ibi

24 1828 27 1835 ¹
158 1841 288 1904 felicius
312 1860 382 1903 rem
406 1859 522 1921 gerere
546 1849 692 1921 possent.
744 1841 858 1922 Quare
881 1840 1031 1923 appulsis
1055 1834 1195 1904 navibus
1221 1843 1262 1904 ad

158 1965 234 2009 eum
247 1944 366 2019 locum,
380 1943 437 2006 ubi
447 1943 482 2006 in
495 1962 586 2006 mare
603 1943 708 2006 fertur
724 1943 849 2008 flumen
866 1944 1055 2020 maximum,
1069 1965 1167 2027 quem
1186 1946 1264 2008 Indi

158 2059 288 2131 patrem
311 2054 472 2130 aquarum
498 2046 674 2121 vocabant,
700 2048 819 2110 milites
847 2048 944 2111 multi
968 2049 1003 2111 in
1030 2048 1108 2111 lItus
1134 2055 1264 2130 egressi

158 2153 295 2237 praedia
310 2151 454 2215 finitima
470 2150 643 2232 explorare
659 2159 851 2233 coeperunt.

119 2284 147 2338 ¹5
202 2259 257 2322 Sic
274 2260 400 2321 factum
416 2267 467 2321 est
483 2266 519 2319 ut
535 2256 669 2338 quidam
689 2255 885 2318 adulescens
901 2255 1133 2331 Americanus,
1150 2263 1209 2338 qui
1228 2257 1262 2319 in

156 2363 235 2426 villa
255 2364 382 2426 otiosus
402 2363 484 2424 hora
506 2360 572 2423 dier
588 2360 660 2422 fere
679 2366 798 2441 quarta
816 2360 1017 2434 morabatur,
1035 2359 1154 2422 milites
1175 2379 1263 2423 com-

157 2467 260 2548 pluris
288 2468 322 2528 in
350 2466 447 2528 horto
473 2464 614 2527 latentis
641 2462 751 2526 subito
782 2461 1070 2525 animadverteret.
1118 2463 1195 2544 Qua
1227 2471 1264 2526 re

156 2577 244 2634 nova
271 2570 417 2651 graviter
444 2575 639 2642 commotus,
665 2567 804 2630 comites
829 2576 866 2629 ut
890 2567 961 2628 sine
992 2571 1085 2628 mora
1115 2565 1263 2630 latebras

202 2723 226 2758 r.
252 2706 377 2757 Amoldi:
398 2702 433 2757 cf.
445 2703 580 2769 Standisi,
593 2718 622 2771 p.
641 2699 681 2767 16,
793 2717 819 2764 9.
846 2700 1006 2752 uirilibus:
1029 2699 1144 2766 nivalis,
1162 2701 1207 2767 ·is,
1229 2715 1263 2768 e,

156 2784 175 2838 l.
207 2788 410 2852 4.-tempus:
453 2784 682 2836 occasion-ta·
732 2781 829 2834 noval.

156 2881 233 2918 men:
256 2883 317 2936 may
334 2865 369 2919 be
387 2862 504 2919 omitted
521 2863 550 2916 in
567 2862 683 2916 transla·
776 2879 817 2915 ιο.
843 2875 927 2927 usque
972 2861 1007 2912 ad
1061 2860 1261 2915 Lorislinam:

156 2947 224 3001 tion.
732 2941 824 3011 freely,
836 2943 1017 3012 teser-away
1030 2941 1063 2992 L.
1072 2943 1156 2992 -sit
1173 2942 1204 2993 in
1217 2941 1264 2996 the

199 3045 223 3080 a.
248 3030 343 3080 morti:
383 3034 448 3081 note
483 3025 531 3079 the
561 3041 632 3080 case.
647 3055 681 3064 -
732 3022 799 3092 hope
813 3022 892 3085 tham
912 3020 947 3074 cf.
962 3025 994 3082 si,
1007 3038 1035 3089 p.
1050 3036 1092 3089 33,
1104 3020 1123 3075 1.
1137 3034 1163 3086 4.

157 3111 247 3163 odium
282 3110 325 3180 (·i,
345 3107 409 3174 u.):
434 3110 683 3176 contempt—per·
779 3121 817 3154 η.
842 3102 943 3154 fertur:
971 3100 1054 3165 rolin·
1082 3101 1117 3154 cl.
1144 3103 1263 3168 delitus,

157 3191 254 3242 lidiae:
281 3188 416 3258 objective
440 3205 520 3258 gen,
552 3184 682 3238 translate
732 3201 758 3252 p.
774 3183 817 3249 66,
832 3184 850 3234 l.
873 3196 1064 3251 15.-quem:
1084 3180 1127 3235 lor
1146 3183 1262 3253 gender,

126 3259 128 3265 ’
157 3270 372 3335 “for.''-qui:
399 3269 447 3322 the
467 3284 529 3322 case
549 3265 683 3336 regularly
734 3263 767 3319 el.
781 3263 829 3318 the
846 3270 910 3316 note
924 3280 962 3316 on
974 3264 1053 3328 quod,
1066 3278 1093 3331 p.
1109 3277 1151 3330 30,
1165 3262 1182 3314 l.
1196 3263 1224 3316 6.

148 3351 225 3406 ,used
237 3351 302 3404 with
316 3354 385 3402 titor.
779 3359 819 3408 15.
846 3342 950 3395 factum
982 3345 1024 3395 est
1054 3345 1100 3394 ut:
1138 3345 1162 3395 it
1190 3342 1263 3413 hap-

199 3450 224 3495 4·
250 3434 359 3485 obruet:
380 3432 468 3493 obrui,
481 3443 506 3497 3,
518 3431 577 3494 -rui,
588 3430 683 3492 nutus,
737 3424 831 3494 pened
843 3423 904 3475 that
919 3422 1039 3492 (famum
1053 3425 1096 3475 est
1108 3420 1178 3478 from
1192 3423 1260 3491 tro).

156 3514 224 3578 dim,
236 3512 277 3566 lit.
291 3509 464 3566 overwlulm.
780 3511 820 3556 16.
846 3506 912 3555 horit
929 3505 984 3555 diei
1002 3503 1058 3555 fere
1077 3505 1188 3568 quirti:
1214 3507 1260 3557 τῖε.

202 3609 226 3658 7.
253 3593 404 3647 confectum
422 3591 510 3641 esset:
530 3587 572 3640 for
590 3577 691 3651 mood,
733 3584 818 3638 about
842 3599 872 3635 10
889 3597 952 3636 au.
999 3584 1051 3637 See
1070 3582 1117 3636 the
1137 3590 1202 3636 note
1224 3601 1263 3638 on

158 3673 193 3728 cf.
215 3674 263 3728 the
288 3681 353 3726 note
373 3687 409 3724 on
431 3670 631 3731 admoveantur,
653 3684 681 3734 p.
733 3681 760 3732 p.
776 3678 818 3732 75.

158 3753 288 3820 61,l.14.
780 3761 819 3808 17.
846 3747 888 3794 r'e:
920 3743 1087 3814 happrnr'rg.
1146 3795 1152 3821 r
