2700 4186
409 219 522 275 rrusr
546 185 668 276 curru
695 220 858 276 READER
1145 240 1182 306 17

86 402 221 483 accepit,
239 408 410 492 postremo
425 412 538 464 tamen
556 401 660 465 sensit
675 410 741 464 non
757 402 845 464 illius
860 403 960 484 culpi
982 423 1053 466 rem
1069 406 1115 467 ita
1131 423 1183 467 ce·

86 504 212 568 cidisse.
261 504 380 585 Itaque
396 511 512 586 paucis
536 513 616 586 post
630 505 800 568 mensibus
816 513 835 567 ai
851 505 971 569 iuvene
989 506 1133 570 Prissilla
1148 509 1182 569 in

86 607 330 671 mitrimr'rnium
346 607 447 670 ducta
457 615 519 682 est,
533 606 722 671 Standisius
734 590 846 670 autem
859 607 922 670 sibi
937 617 1072 671 uxorem
1085 609 1183 672 aliam

85 711 232 792 sumpsit

509 927 694 993 Lessou
725 942 761 1010 15

395 1095 514 1160 Unrcst
532 1117 656 1179 among
677 1096 731 1159 tlte
749 1096 891 1160 lndz'ans

61 1271 75 1325 5
127 1251 214 1328 Indi,
227 1260 285 1334 qui
296 1271 403 1334 prope
415 1250 578 1313 coloniam
591 1249 798 1326 habitdbant,
813 1271 920 1332 paene
932 1260 1050 1317 omnes
1061 1254 1185 1317 inimici

84 1362 188 1429 erant,
200 1353 260 1417 sed
271 1355 489 1416 vehementer
501 1352 663 1417 timebant
678 1352 825 1434 legatum
839 1354 1054 1432 Standisium,
1065 1357 1108 1418 de
1119 1365 1184 1438 quo

84 1462 185 1538 supri
208 1456 292 1533 dixi;
320 1477 399 1519 nam
425 1456 464 1532 is,
489 1456 556 1519 dux
581 1455 792 1532 fortissimus,
817 1456 1035 1520 libentissime
1060 1458 1182 1521 bellum

84 1579 216 1642 semper
238 1560 351 1640 gessit,
371 1580 481 1642 neque
503 1580 661 1642 umquam
684 1561 869 1642 periculum
888 1561 991 1623 iillum
1010 1563 1183 1625 recusavit.

84 1665 152 1748 Qui
171 1673 284 1726 tamen
304 1671 371 1726 non
390 1673 462 1726 erat
478 1664 641 1741 crudelis;
663 1665 741 1726 olim
757 1665 856 1740 enim,
873 1685 949 1727 cum
966 1665 1009 1727 ad
1024 1666 1184 1746 oppidum
1235 1727 1238 1733 ,

45 1768 245 1831 ιοΙῃάὂτυηι
276 1767 485 1830 inimicorum
516 1767 688 1850 profectus
719 1776 809 1831 esset
835 1767 1015 1850 hostesque
1041 1768 1184 1844 vicisset,

80 1877 150 1935 tres
182 1871 285 1934 indos
316 1871 506 1934 vulneratos
537 1869 674 1934 domum
700 1878 813 1933 secum
840 1870 979 1946 reduxit,
1008 1881 1045 1935 ut
1071 1879 1185 1934 eorum

82 1974 221 2039 vulnera
235 1976 281 2038 ibi
296 1982 499 2040 curirentur.

128 2079 203 2142 Hoc
226 2079 298 2142 iere
313 2090 464 2162 tempore
486 2079 596 2144 coloni
617 2080 680 2157 alii,
697 2078 910 2165 §.Britannici
928 2081 1079 2164 profecti,
1097 2082 1186 2144 haud

84 2182 444 2266 procuicondiderunt
465 2184 625 2265 oppidum
647 2183 797 2246 alterum.
844 2183 932 2246 Tum
953 2183 1087 2246 demum
1111 2185 1187 2247 Iudi
1293 2239 1295 2242 .

46 2301 74 2357 15
83 2287 299 2350 vehementer
317 2295 483 2363 commdti,
503 2285 644 2350 concilio
664 2282 863 2363 convocati),
876 2287 1001 2369 oppida
1020 2288 1120 2350 ambri
1141 2286 1187 2350 in·

84 2391 227 2454 cendere
239 2390 440 2474 colonosque
455 2391 546 2473 ipsos
561 2389 746 2468 interficere
762 2392 1022 2469 constituerunt;
1045 2391 1104 2454 scd
1120 2399 1176 2454 rex

84 2495 229 2578 quidam,
257 2501 315 2577 qui
341 2496 476 2558 colonos
507 2494 649 2572 amabat,
677 2494 721 2557 ad
749 2479 960 2558 Standisiumv
985 2497 1185 2578 properavit,

85 2618 228 2681 eumque
236 2598 429 2661 dehostium
438 2597 577 2662 consilio
587 2597 760 2662 certidrem
768 2598 857 2660 iecit.
883 2597 1185 2681 Periculocogniui,

26 2696 31 2707 ’
85 2700 215 2784 legatus
237 2703 349 2765 statim
373 2723 449 2765 cum
474 2702 633 2766 militibus
656 2711 771 2785 paucis
795 2701 838 2764 ad
862 2701 1004 2765 alterum
1027 2702 1187 2785 oppidum

46 2804 257 2886 ”profectus
272 2815 332 2868 est.
382 2804 435 2868 Ibi
451 2805 536 2883 Indi,
554 2826 630 2869 cum
646 2806 809 2868 vidissent
824 2806 945 2868 milites
961 2826 1036 2870 esse
1052 2814 1186 2888 paucos,

85 2906 236 2972 arbitrati
250 2914 288 2971 se
301 2909 402 2972 facile
421 2909 628 2973 Standisium
648 2916 772 2971 terrere
793 2928 902 2990 posse,
919 2915 950 2971 ei
970 2908 1189 2974 ostenderunt

134 3125 157 3160 ι.
178 3108 253 3161 illius
271 3111 366 3174 culpi:
387 3107 505 3178 through
526 3105 610 3180 (any)
714 3123 752 3172 15.
770 3109 899 3161 concilii:
928 3114 1050 3160 contrast
1068 3109 1187 3174 educitis),

85 3187 169 3263 fault
191 3188 227 3262 os
243 3188 295 3256 Iris,
316 3191 359 3242 rte.
384 3186 416 3242 oi
436 3188 482 3242 the
508 3189 613 3240 iuvenis
663 3185 683 3241 l.
699 3187 740 3240 18.

89 3270 192 3341 (culpe,
201 3283 254 3336 -oe,
263 3267 316 3339 ru).
326 3299 361 3308 -
370 3285 442 3322 rem:
454 3268 501 3322 the
511 3270 610 3339 affair.
712 3276 752 3320 18.
766 3271 883 3335 periculo
891 3271 1012 3334 cognito:
1024 3268 1114 3338 ireely,
1122 3267 1189 3320 hoo

133 3354 158 3401 8.
182 3363 267 3415 neque
293 3365 437 3415 umquem:
466 3350 551 3402 and.
574 3386 581 3401 .
603 3387 610 3402 .
661 3347 835 3418 titglearned
840 3348 924 3421 ostke
932 3349 1045 3418 danger.
1069 3347 1189 3401 Aliteral

87 3445 187 3496 neven·
213 3426 247 3485 ef.
270 3429 317 3484 the
341 3428 488 3499 rendering
512 3427 544 3483 of
564 3445 612 3481 nec
663 3428 811 3498 rendering
829 3427 862 3482 of
876 3431 1000 3493 cignitus
1019 3428 1047 3480 in
1066 3427 1113 3480 the
1131 3426 1186 3479 abl.

87 3511 238 3577 quisquan,
253 3527 272 3581 p
290 3525 315 3577 2,
333 3509 352 3563 l.
377 3525 417 3563 11.
456 3512 488 3562 ln
498 3509 614 3562 transla·
664 3507 751 3562 absol.
763 3507 951 3562 construction
964 3507 1053 3560 would
1066 3505 1142 3558 often
1154 3505 1190 3560 be

87 3588 154 3658 tlon,
175 3605 222 3644 neo
246 3591 361 3664 (nque)
383 3590 483 3645 should
505 3590 613 3658 always,
664 3587 807 3641 awkward.

88 3669 110 3724 ii
127 3669 256 3741 possible,
278 3670 314 3724 be
335 3670 459 3724 resolved
472 3669 536 3722 thus
554 3667 615 3723 into
711 3684 752 3719 21.
776 3670 917 3721 arbitrati:
951 3667 985 3721 cl.
1012 3667 1059 3721 the
1083 3684 1132 3721 use
1157 3664 1203 3720 oi

87 3749 248 3804 connective
261 3750 317 3803 and
331 3749 466 3820 negative.
665 3748 754 3810 veriti,
767 3764 795 3816 p.
810 3762 835 3811 2,
849 3746 868 3800 l.
886 3761 927 3814 17.
