2700 4186
486 235 600 293 FIRST
626 237 747 294 LATIN
775 237 938 294 READER

585 465 769 533 LESSON
791 485 842 542 ¹12

446 631 563 717 Henry
584 634 727 697 Hudson
749 631 975 722 (Continued)

203 785 288 848 Cum
309 783 387 848 inde
403 785 474 847 dies
495 790 621 866 paucos
637 783 773 846 {himine
792 785 935 849 adverso
949 784 1143 868 navigatum
1163 797 1261 864 esset,

159 889 225 952 dux
251 890 325 971 ipse
353 895 371 950 ἓ
398 895 475 952 navi
501 887 535 950 in
561 895 668 969 ripam
697 895 851 970 egressus
876 888 1003 954 incolas
1024 892 1189 968 convenit,
1206 898 1263 975 qui

159 991 304 1056 libenter
329 992 469 1074 sagittas
494 998 572 1055 suas
593 993 768 1074 fregerunt
793 999 910 1068 omnis,
931 1004 968 1056 ut
992 994 1143 1058 advenae
1169 994 1263 1058 intel-

160 1096 310 1177 legerent
331 1103 367 1160 se
392 1116 467 1159 esse
492 1102 626 1159 amicos.
684 1095 736 1158 Ibi
759 1096 850 1159 haud
874 1096 930 1159 din
956 1104 1112 1173 moratus,
1140 1099 1262 1162 Hudst')

134 1201 278 1279 sitarum
293 1199 412 1264 leniter
429 1207 627 1282 progressus
643 1209 712 1277 est3
727 1183 796 1262 *sed
813 1207 983 1282 postremo
995 1201 1119 1265 flfimen
1134 1201 1262 1266 invenit

158 1306 332 1385 angustius
343 1305 422 1380 fiert,
432 1325 471 1367 ac
479 1305 583 1367 sensit
591 1310 628 1367 se
638 1305 700 1367 hac
708 1305 750 1367 ad
759 1303 877 1367 Asiam
890 1315 1065 1386 pervenire
1075 1313 1141 1368 non
1151 1326 1259 1387 posse.

159 1409 278 1491 Itaque
298 1409 339 1471 ad
357 1428 449 1473 mare
467 1408 573 1484 rediit,
594 1407 753 1491 brevique
774 1409 910 1472 domurn
930 1410 1102 1491 profectus
1119 1419 1178 1473 est.

202 1514 320 1576 Paucis
353 1522 430 1595 post
458 1513 628 1576 mensibus
660 1514 779 1575 Batavi
809 1520 910 1576 naves
938 1514 1020 1576 alias
1047 1523 1082 1577 et
1107 1514 1260 1578 homines

158 1625 326 1693 miserunt,
338 1626 396 1700 qui
410 1637 486 1680 curn
499 1616 592 1679 Indis
603 1618 872 1697 negotiarentur3
890 1638 928 1680 ac
942 1625 1077 1699 postero
1089 1626 1177 1681 anno
1194 1617 1261 1681 dux

118 1745 148 1782 10
156 1722 253 1797 idem,
265 1741 340 1784 curn
353 1728 373 1783 a
390 1721 562 1784 Britannia
578 1722 620 1784 ad
638 1722 831 1784 Americam
842 1723 961 1784 iterum
975 1722 1147 1804 profectus
1159 1733 1259 1798 esset,

156 1845 248 1888 mare
265 1825 443 1886 maximum
455 1825 517 1888 sub
534 1825 817 1907 septentrionibus
827 1827 963 1901 invenit,
977 1809 1067 1909 quod
1082 1846 1172 1889 nunc
1188 1827 1260 1890 eius

156 1930 290 1992 nomine
303 1928 500 2010 appellatur.
549 1928 601 1991 Ibi
612 1936 743 1991 menses
757 1930 878 1992 multos
892 1931 1039 1993 hiemare
1051 1936 1187 1993 coactus
1196 1940 1257 1994 est.

156 2033 241 2095 Turn
254 2033 397 2108 demum,
409 2051 484 2095 cum
495 2032 588 2095 cibus
599 2033 665 2094 iarn
676 2032 783 2095 omnis
796 2040 1016 2115 consfimptus
1026 2042 1124 2109 esset,
1136 2043 1258 2097 nautae

155 2136 316 2211 scelerati,
334 2136 419 2198 duce
435 2134 613 2216 inscapha
628 2136 752 2211 relicto,
771 2136 805 2198 in
822 2137 925 2200 altum
942 2137 1015 2200 vela
1031 2137 1204 2200 dederunt.

119 2266 145 2320 ¹5
200 2240 399 2303 Hudsonem
415 2246 515 2301 nemo
525 2247 641 2320 postea
654 2240 753 2315 vidit;
771 2241 830 2304 sed
844 2249 975 2317 nautae,
990 2251 1106 2322 paucis
1118 2242 1257 2318 amissis,

154 2343 336 2407 incolumes
352 2344 487 2407 domum
506 2351 729 2424 pervenerunt
741 2365 748 2407 :
759 2381 800 2391 —
813 2365 1015 2428 quamquam
1040 2353 1148 2427 primo
1166 2346 1258 2409 fame

155 2456 270 2511 omnes
292 2467 400 2530 paene
418 2448 605 2530 perierant3
630 2457 745 2530 paucis
764 2449 853 2512 enirn
875 2449 992 2512 avibus
1013 2459 1171 2531 exceptis,
1190 2458 1258 2513 non

155 2552 324 2615 habebant
347 2551 436 2634 quod
461 2559 581 2628 essent,
606 2552 713 2616 donec
736 2553 771 2615 in
798 2560 1014 2634 conspectum
1038 2553 1129 2616 venit
1152 2552 1257 2629 navis,

155 2655 247 2719 cuius
264 2655 423 2736 magister
438 2663 496 2719 eos
512 2657 683 2720 trimento
697 2656 836 2739 aliisque
851 2656 950 2721 rebus
965 2656 1079 2721 iuvare
1095 2657 1212 2740 potuit.

214 2824 240 2871 4.
267 2808 339 2859 haud
369 2807 432 2859 din:
470 2804 562 2877 freely,
587 2808 636 2861 but
662 2825 680 2861 a
731 2808 867 2878 paratives
901 2825 963 2879 may
993 2808 1113 2864 indioete
1143 2826 1160 2862 a
1189 2807 1257 2880 high

153 2887 314 2942 shorttinu.
732 2887 830 2961 degree
860 2888 889 2943 in
916 2890 1036 2961 general,
1060 2889 1177 2944 without
1200 2891 1257 2944 dis-

214 2977 239 3022 6.
266 2971 426 3035 angustius:
454 2967 593 3039 predicate
613 2968 679 3040 adj„
731 2968 827 3040 tinctly
845 2970 1005 3042 comparing
1023 2988 1075 3025 one
1094 2970 1175 3040 thing
1191 2971 1256 3024 with

155 3049 284 3122 agreeing
296 3049 360 3105 with
373 3051 481 3116 flfimen,
494 3049 514 3101 1.
530 3064 554 3118 5.
565 3081 602 3091 -
611 3052 678 3103 hic:
731 3051 856 3105 another.
872 3083 906 3093 -
918 3055 968 3104 sub
1009 3053 1255 3116 septentrionibus:

155 3149 192 3185 sc.
207 3133 268 3198 vii3
289 3131 323 3185 cf.
343 3131 390 3184 the
404 3138 470 3185 note
484 3146 521 3183 on
534 3136 594 3197 qui,
611 3149 639 3202 p.
655 3147 679 3201 5,
729 3131 774 3183 τῖε.
788 3132 901 3183 toward
920 3131 966 3184 tlte
990 3130 1072 3184 north
1095 3131 1257 3202 (septentri-

156 3211 173 3264 l.
190 3227 230 3282 13.
358 3201 361 3210 ¹
729 3214 801 3280 ines,
814 3227 879 3278 -um‚
892 3225 936 3278 M„
949 3212 993 3264 tlte
1006 3216 1021 3244 “
1030 3213 1117 3265 Grcat
1129 3211 1255 3280 Bear”).

214 3311 239 3356 9·
267 3294 483 3358 negotiarentur:
506 3290 540 3345 cs.
554 3291 602 3345 the
615 3299 680 3346 note
776 3310 816 3357 14.
843 3295 947 3346 altum:
967 3292 1013 3346 the
1025 3293 1091 3362 deep
1107 3293 1194 3363 (sca).

155 3389 189 3426 on
201 3377 323 3442 possent,
336 3391 363 3442 p.
381 3388 403 3440 1,
416 3374 435 3426 l.
454 3388 493 3441 13.
777 3389 816 3438 ¹⁵·
842 3376 968 3426 amissis:
989 3375 1033 3425 ele.
1049 3372 1086 3442 by
1099 3372 1191 3426 death.

198 3471 239 3506 ιο.
265 3469 326 3506 cum
346 3492 353 3506 .
376 3494 381 3505 .
405 3493 411 3506 .
433 3453 571 3520 proiectus
589 3457 678 3506 esset:
777 3471 816 3518 17.
843 3459 955 3520 paucis.
972 3493 978 3505 .
996 3457 1151 3519 .0xceptis:
1164 3451 1255 3523 irealy,

156 3533 188 3587 cs.
202 3552 228 3604 p.
245 3549 285 3600 12,
298 3535 316 3586 l.
330 3550 355 3604 9,
369 3535 424 3587 and
438 3534 484 3587 the
498 3542 572 3588 note.
730 3535 797 3588 with
809 3534 854 3586 the
864 3537 999 3604 exception
1011 3536 1048 3606 of
1053 3553 1071 3586 a
1077 3536 1147 3605 few.

198 3634 238 3667 11.
265 3629 355 3666 mare:
392 3614 678 3681 bay.-—maximum:
779 3623 818 3667 18.
843 3618 913 3679 qnod
926 3618 1032 3667 essent:
1055 3614 1256 3684 (anything)to

156 3696 271 3766 mgrhty3
302 3693 427 3747 absolute
451 3711 499 3747 use
512 3693 544 3747 of
563 3695 611 3748 the
636 3713 680 3747 su·
730 3702 774 3748 eat
786 3698 891 3765 (essent
902 3694 970 3747 from
980 3697 1054 3763 edo).
1078 3697 1119 3748 As
1128 3694 1256 3748 anteced·

156 3774 292 3842 perlative.
332 3775 365 3826 ln
379 3789 396 3825 a
410 3773 513 3825 similar
525 3790 593 3838 way,
606 3790 680 3827 com·
731 3782 778 3829 ent
785 3775 826 3829 for
834 3774 880 3828 the
887 3773 1008 3841 relative,
1016 3775 1114 3845 supply
1122 3776 1150 3826 id
1161 3774 1254 3845 (aco).
