2700 4186
89 231 130 296 32
416 215 530 271 FIRST
556 214 678 271 LATIN
704 214 869 271 READER

79 403 143 458 nis
158 394 210 457 vir
232 395 376 480 quidam,
394 395 447 457 cui
471 405 543 458 erat
567 395 746 457 maximum
770 380 945 475 praedium
964 393 1194 478 longinquum,

91 498 260 561 hominem
280 500 466 561 conducere
483 498 596 574 voluit,
614 508 671 581 qui
690 499 850 561 terminbs
867 499 996 581 praedii
1012 509 1063 562 sui
1078 501 1195 563 cbnsti-

91 613 216 678 tueret;
241 623 280 665 ac
297 603 472 682 Vasingtd,
487 612 544 684 qui
567 603 653 664 hanc
678 622 811 685 quoque
834 612 940 666 artem
964 602 1135 679 didicerat,
1153 603 1198 666 ab

90 714 131 770 eb
146 707 331 770 conductus
346 707 380 768 in
396 706 569 790 praedium
586 706 708 769 missus
723 715 785 771 est.

513 982 698 1049 LESSON
732 985 773 1048 28

380 1151 596 1235 Experiences
618 1173 659 1215 on
682 1151 736 1215 tlte
758 1151 911 1216 Frontier

67 1337 80 1392 ς
136 1307 175 1370 in
194 1306 340 1389 praedit),
358 1307 446 1389 quod
463 1314 568 1368 instar
585 1306 775 1387 previnciae
794 1318 875 1383 erat,
893 1307 1090 1371 habitabant
1111 1309 1193 1388 agri·

90 1411 181 1473 colae
206 1422 312 1492 pauci,
330 1422 364 1473 at
388 1411 482 1474 multi
507 1410 590 1472 Indi.
640 1411 706 1472 Hic
726 1411 892 1491 Vasingtd
917 1419 1048 1475 menses
1073 1413 1196 1475 multds

91 1535 150 1597 per
166 1514 266 1577 silvas
285 1526 319 1577 et
338 1522 469 1577 montes
487 1515 588 1594 longe
609 1515 671 1577 iter
690 1514 835 1589 fecitne
855 1535 957 1596 saepe
976 1524 1063 1598 equs>
1078 1528 1195 1579 vectus

90 1626 176 1682 rivbs
202 1628 235 1681 et
260 1618 397 1680 flumina
421 1619 569 1692 transiit;
599 1624 697 1680 noctu
725 1629 836 1681 autem
863 1618 991 1682 solebat
1014 1620 1077 1682 sub
1101 1621 1196 1683 caelc'r

91 1743 195 1804 prope
218 1721 330 1802 ignem
348 1723 441 1783 humi
459 1721 576 1796 iacere,
594 1722 682 1803 quod
700 1729 795 1784 casas
813 1722 1005 1784 coliandrum
1022 1730 1090 1785 nnn
1108 1731 1194 1786 ama·-

51 1849 81 1886 ιο
90 1827 155 1888 bat.
203 1811 291 1891 Olim
313 1846 388 1888 cum
407 1828 454 1888 ita
473 1833 601 1906 sepitus
621 1827 753 1901 iaceret,
771 1826 881 1889 subitd
899 1827 986 1908 ignis
1005 1826 1038 1889 in
1055 1827 1194 1891 foenum

90 1931 215 2005 cecidit,
233 1951 273 1994 ex
286 1937 352 2011 qud
369 1930 473 1993 lectus
490 1932 561 1992 eius
576 1930 686 1993 factus
703 1940 793 2004 erat;
817 1939 883 2012 qud
899 1951 939 1993 ex
956 1932 1104 2013 periculd
1119 1933 1194 2012 ipse

89 2044 202 2097 tamen
219 2041 369 2096 servatus
385 2046 435 2096 est
450 2032 492 2096 ab
509 2034 655 2115 agricola
671 2035 825 2116 quddam,
843 2043 985 2117 quitum
1001 2035 1169 2117 vigilabat.

132 2139 215 2201 Tres
227 2147 333 2201 annbs
346 2139 380 2200 in
392 2139 528 2219 praedit>
545 2146 692 2201 moratus
704 2149 755 2201 est
767 2140 941 2220 Vasingtb,
955 2139 1068 2222 ibique
1084 2147 1193 2203 mbres

90 2244 250 2305 Indbrum
267 2250 470 2323 cbgnbscere
487 2245 615 2323 coepit;
640 2250 751 2325 quare,
765 2242 822 2305 ubi
835 2243 970 2306 domum
984 2244 1194 2324 undeviginti

50 2367 78 2421 15
89 2355 194 2425 annes
211 2355 309 2410 natus
326 2348 431 2423 rediit,
448 2355 468 2410 ῑι
484 2348 596 2430 legati>
610 2348 783 2428 Virginiae
799 2347 952 2410 tribunus
969 2348 1109 2410 militum
1126 2349 1194 2412 fac·

89 2462 141 2514 tus
152 2462 222 2514 est:
246 2472 322 2514 nam
333 2452 486 2533 Virginia
501 2460 571 2514 tbta
584 2452 785 2534 reliquisque
797 2453 977 2532 prbvineiis
990 2452 1100 2514 coldni
1111 2452 1193 2515 arbi-

89 2556 262 2619 trabantur
273 2555 395 2618 bellum
414 2577 490 2619 cum
508 2558 611 2620 Gallis
625 2577 700 2618 mox
713 2556 897 2636 gerendum
910 2576 993 2618 esse.
1042 2556 1194 2619 Britanni

88 2661 176 2722 enim
193 2660 288 2722 multi
304 2659 369 2721 iam
385 2662 587 2723 transierant
603 2667 732 2723 montes
749 2659 1036 2741 cbnsederantque
1053 2659 1086 2722 in
1104 2661 1194 2723 valli-

88 2762 160 2840 bus,
184 2783 271 2845 quae
298 2784 318 2825 a
345 2764 448 2827 Gallis
473 2763 564 2846 prius
589 2766 778 2846 expldratae
802 2774 917 2840 erant;
945 2763 1065 2846 quibus
1092 2765 1193 2829 rebus

148 2962 174 2998 2.
199 2946 346 3001 termindez
364 2947 505 3013 terminus,
525 2949 555 3014 ·i‚
570 2959 615 3014 n„
712 2963 753 2999 11.
778 2960 813 2997 ex
825 2949 892 3012 qud:
915 2945 989 3017 (out)
1002 2945 1039 3018 of
1048 2943 1147 3000 which.
1158 2977 1181 2988 -·

42 3056 44 3068 1
87 3025 238 3096 boundary.
666 3031 717 3093 qud
735 3042 769 3078 ex
787 3030 920 3093 pericula:
949 3026 991 3080 for
1009 3027 1085 3081 word
1103 3028 1191 3094 order,

149 3124 174 3170 ³·
201 3111 271 3161 hanc
290 3145 298 3162 .
319 3146 327 3163 .
350 3148 356 3163 .
376 3112 480 3163 artemz
507 3109 553 3163 tle.
579 3108 611 3163 oi
665 3106 700 3162 cf.
715 3113 747 3159 ea
760 3109 789 3159 in
801 3112 881 3174 terri,
894 3125 920 3178 p.
934 3107 959 3174 6,
972 3106 990 3160 1.
1005 3123 1032 3176 3.

88 3187 244 3260 surveying.
712 3207 751 3252 14·
777 3189 948 3253 undeviginti
978 3192 1064 3241 annes
1094 3193 1192 3243 nitunt

149 3276 175 3322 6.
202 3272 262 3323 hic:
282 3268 330 3323 the
342 3269 453 3324 adverb.
664 3275 696 3323 at
714 3271 837 3322 nineteen
850 3286 936 3339 years
953 3269 1053 3340 usage,
1069 3269 1110 3323 lit.
1124 3269 1192 3324 leav-

149 3357 174 3403 8.
201 3354 308 3402 autem:
323 3367 471 3403 morcover.
665 3350 786 3419 ingbeen
799 3350 866 3402 born
880 3351 1104 3419 ntiteteenyearu

149 3447 174 3494 9.
201 3434 291 3483 humi:
307 3428 341 3484 cf.
356 3448 381 3499 p.
396 3445 420 3496 7,
434 3430 451 3482 l.
464 3445 482 3496 4
501 3434 616 3482 -ami-
712 3445 751 3493 ¹⁵·
777 3432 902 3482 tribunus
915 3432 1051 3482 militum:
1069 3448 1087 3482 a
1097 3433 1193 3499 maybr.

88 3514 151 3564 bat:
176 3509 336 3582 fancyfior
349 3511 616 3581 othermeaningsoi
713 3518 751 3562 16.
779 3513 903 3575 virginii
922 3514 1000 3564 teta:
1028 3510 1194 3580 throughout

88 3590 142 3644 this
151 3591 235 3656 word,
244 3608 290 3643 see
297 3589 343 3643 the
356 3589 462 3644 Vocab.
667 3591 709 3643 all
720 3593 854 3660 Virginia.
884 3592 946 3645 The
957 3608 1033 3660 prep.
1046 3593 1075 3643 in
1085 3590 1108 3644 is
1119 3591 1193 3645 often

135 3689 174 3723 ιο.
201 3671 325 3724 foenum:
361 3670 480 3734 foenum,
514 3676 543 3731 -ἱ,
576 3687 617 3735 u,
667 3671 783 3724 omitted
797 3671 875 3724 when
891 3672 937 3725 the
952 3671 1008 3726 abl.
1023 3671 1048 3724 is
1064 3670 1193 3726 modified

90 3758 185 3804 straw.
668 3752 705 3808 bv
717 3755 799 3805 tbtue.
