2700 4186
438 242 551 295 l'IRST
576 237 694 293 nn‘rIN
724 235 888 292 READER
1173 249 1210 314 57

106 416 263 492 hostium,
280 425 339 499 qul
361 417 484 479 circum
508 416 604 496 ignes
627 414 813 478 saltabant:
838 419 885 476 sic
908 411 998 476 enim
1018 410 1096 474 Indi
1112 416 1150 476 se
1169 409 1212 474 ad

104 525 243 590 caedem
260 521 398 586 incitire
413 519 576 586 solebant.

526 760 710 828 LESSON
742 778 786 845 49

235 945 302 1011 The
323 945 475 1030 Attempt
495 955 527 1010 to
549 944 696 1028 sarmoise
717 945 850 1023 Detroit
868 941 1090 1031 (Contt’nued)

154 1101 259 1165 Mane
289 1099 332 1164 ad
362 1099 536 1165 castellum
567 1119 643 1163 cum
673 1098 849 1163 comitibus
879 1099 1010 1163 circiter
1040 1101 1212 1182 sexaginta

108 1206 200 1267 venit
223 1204 370 1280 Pontiae,
387 1204 631 1284 conciliumque
656 1202 845 1284 postulavit.
895 1203 997 1266 Haud
1021 1212 1146 1286 magno
1168 1204 1214 1267 in-

87 1308 249 1380 stervallo
265 1307 465 1389 sequebatur
487 1307 615 1388 reliqua
630 1306 808 1369 multitudo
826 1306 995 1382 Indorum,
1012 1316 1070 1390 qul
1084 1308 1214 1371 simula·

109 1409 191 1474 bant
207 1417 243 1473 se
255 1417 351 1473 ‘extra
367 1410 569 1472 munitiones
585 1409 652 1491 pila
669 1409 808 1472 lusuros.

59 1582 63 1588 ,
155 1514 264 1578 Portis
279 1515 408 1577 castelli
422 1513 609 1596 patefactis
629 1512 775 1589 Pontiae,
793 1523 850 1596 qui
865 1513 947 1577 nihil
971 1514 1212 1596 suspicabatur,

110 1623 178 1680 una
193 1637 269 1680 cum
286 1616 471 1692 comitibus,
488 1625 546 1699 qui
564 1624 680 1680 omnes
697 1636 790 1679 arma
805 1625 1012 1680 vestimentis
1029 1626 1117 1681 tecta
1133 1619 1214 1682 iere·

109 1720 201 1798 bant,
219 1721 291 1784 sine
307 1727 399 1783 mora
415 1720 550 1783 intravit
559 1740 567 1798 ;
591 1719 712 1783 deinde
728 1730 840 1783 autem
856 1722 1072 1784 vehementer
1088 1730 1214 1802 penno

71 1844 101 1882 ιο
110 1835 165 1888 tus
191 1825 315 1888 milites
343 1831 460 1888 omnes
483 1833 517 1888 et
547 1825 737 1906 complures
761 1826 984 1906 negotiatores
1015 1844 1092 1887 cum
1115 1833 1214 1889 armis

111 1927 326 1991 circumstare
362 1927 606 1991 animadvertit.
663 1927 843 2010 Postquam
869 1935 949 1991 vero
979 1928 1020 1990 ad
1052 1929 1213 2010 principia

111 2032 273 2096 deductus
289 2041 341 2095 est
353 2051 393 2095 ac
404 2032 487 2094 vidit
498 2030 582 2093 duos
597 2037 706 2093 tresve
719 2040 849 2095 tantum
862 2031 981 2095 adesse
993 2033 1212 2106 centuriones,

111 2136 269 2199 audacter
285 2155 362 2198 cum
378 2135 491 2216 legato
507 2135 597 2216 loqui
613 2135 733 2216 coepit.

155 2239 352 2322 Priusquam
391 2237 433 2300 ad
464 2238 638 2301 castellum
669 2248 867 2320 perventum
897 2248 957 2316 est,
989 2238 1126 2303 comites
1157 2247 1213 2303 rex

71 2358 100 2414 ¹5
112 2345 289 2406 monuerat
304 2348 349 2418 se,
362 2361 439 2405 cum
455 2361 563 2423 pauca
579 2342 671 2422 prius
687 2342 729 2405 de
745 2349 828 2424 pace
845 2342 975 2405 loctitus
987 2351 1085 2418 esset,
1104 2343 1213 2424 legato

110 2454 227 2509 zonam
251 2446 425 2522 daturum3
450 2452 516 2527 quo
539 2452 637 2525 signo
666 2444 828 2526 impetum
859 2445 970 2509 statim
1001 2446 1035 2508 in
1067 2447 1211 2529 legatum
1315 2527 1317 2532 Ι

110 2551 390 2631 centurionesque
412 2548 605 2611 faciendum
628 2567 712 2624 esse,
736 2568 812 2611 cum
842 2550 974 2612 interim
1006 2550 1084 2613 Indi
1101 2556 1212 2626 ceteri,

111 2662 168 2735 qui
182 2658 276 2716 extra
299 2652 500 2715 munitiones
523 2652 629 2715 relicti
644 2661 750 2729 erant,
767 2672 828 2736 per
850 2660 964 2736 portas
984 2654 1213 2737 inrumperent

111 2755 382 2840 praesidiumque
396 2755 612 2818 adorirentur.

154 2955 180 2992 ι.
206 2937 332 3003 medem:
361 2936 422 3009 (the
441 2936 564 2990 bust'ncss
583 2936 635 3007 of)
733 2955 771 2991 11.
795 2940 983 2992 circumstare:
1021 2951 1061 2992 ae.
1089 2939 1118 2992 in
1145 2940 1211 2995 such

112 3018 284 3088 murdering.
688 3033 779 3088 away
793 3035 824 3072 as
843 3026 872 3073 to
891 3017 1007 3072 encircle
1024 3018 1139 3073 Pontiae
1157 3019 1212 3072 and

157 3117 184 3162 4.
210 3098 370 3151 intervilli:
384 3096 515 3151 translate
526 3096 572 3150 the
582 3094 636 3149 abl.
690 3097 732 3152 his
763 3096 1108 3163 imbuere-principia:
1141 3103 1212 3163 prin·
1259 3163 1261 3166 ι

113 3181 164 3232 “at
172 3180 186 3206 ”
201 3177 331 3250 (strictly,
343 3177 396 3231 abl.
410 3175 442 3232 of
457 3175 598 3244 manner).
688 3179 769 3244 cipis,
781 3181 877 3242 -orum,
889 3192 929 3243 rc,
941 3177 1151 3247 haudquartm,

158 3275 183 3321 6.
210 3270 277 3335 pili:
292 3266 428 3337 (at)ball‚·
445 3265 637 3321 abiofmeans
735 3273 774 3322 15·
800 3273 902 3325 pauca:
931 3266 995 3312 note
1020 3257 1068 3310 the
1091 3256 1212 3328 gennem

117 3348 489 3420 (pila,·ce,u.).-lirsfiros:
512 3361 635 3400 secuse.
688 3336 724 3393 ci.
743 3341 838 3402 multa,
856 3356 885 3408 p.
906 3353 931 3409 ς,
949 3338 965 3390 l.
985 3353 1011 3408 9.

160 3435 185 3482 8.
211 3433 259 3495 qui
273 3432 382 3482 omnes:
403 3427 487 3498 allos
495 3426 593 3479 whom.
602 3455 637 3465 -
732 3427 770 3472 16.
796 3423 907 3472 zonam:
929 3423 1003 3486 zona,
1023 3433 1075 3485 -ac,
1097 3433 1134 3481 s„
1154 3416 1212 3471 bell.

114 3513 301 3562 vestimentis:
327 3507 382 3562 abl.
405 3506 437 3562 of
454 3523 564 3571 means3
587 3505 637 3559 but
687 3505 871 3555 —datirrumz
902 3501 998 3555 would
1023 3503 1212 3570 offen-quo

115 3590 242 3644 translate
260 3588 397 3642 “under'‘
688 3588 780 3649 signo:
800 3583 855 3637 abl.
877 3580 989 3637 citime
1007 3581 1103 3648 when;
1125 3593 1210 3634 trans·

144 3687 183 3722 ιο.
208 3685 268 3724 cum
298 3672 398 3721 armis:
444 3669 484 3720 ia.
526 3665 633 3738 (sully)
687 3663 742 3717 late
761 3665 840 3717 “at''

115 3752 218 3806 armed.
734 3759 774 3808 ιγ.
799 3746 897 3796 ceteri:
917 3744 959 3797 ic.
974 3743 1080 3808 reliqui.
