2700 4186
423 250 536 306 FIRsT
561 250 682 306 LATIN
710 251 874 307 READER
1159 270 1198 334 93

95 428 246 511 perlegit,
263 449 407 513 cumque
430 436 488 492 ees
511 428 750 512 discerpsisset,
768 431 959 512 fragmenta
974 433 1111 496 chartae
1132 433 1200 496 edit

94 533 236 614 singula.
285 533 382 615 Quae
405 539 458 596 res
473 541 505 595 ei
520 532 620 596 salliti
641 534 721 596 fuit:
745 535 850 597 altera
866 534 954 596 enim
978 536 1105 611 mulier,
1123 556 1198 599 cum

93 644 264 718 postreme
294 637 450 714 venisset,
482 637 565 701 nihil
596 639 721 702 scilicet
751 640 900 702 invenire
931 642 1057 722 potuit;
1096 647 1200 723 quare

92 742 223 818 milites,
241 741 340 805 venie
355 742 577 807 contumeliae
593 751 706 825 petite,
724 745 875 806 nsmtiam
891 743 1090 808 incolumem
1108 744 1199 808 abire

67 853 184 927 spassi
199 855 289 910 sunt.
312 877 313 881 ¹
337 846 400 909 Illa
423 857 535 910 autem
554 853 684 910 summe
700 847 869 909 celeritate
885 847 926 910 ad
944 859 1053 909 castra
1069 847 1199 910 Ameri-

91 956 176 1012 cina
199 948 382 1023 contendit,
406 950 706 1031 impereteremque
731 950 905 1012 certierem
927 950 1010 1011 iecit
1035 949 1078 1011 de
1099 949 1199 1012 rebus

89 1050 258 1126 omnibus,
275 1052 412 1133 quaein
428 1052 546 1115 litteris
562 1061 706 1135 scriptae
721 1061 827 1116 erant.

525 1376 710 1442 nasson
742 1381 783 1460 78

403 1561 545 1626 Furtum
555 1562 679 1645 favars
701 1562 754 1624 tlte
776 1563 887 1627 Brave

135 1725 179 1790 In
202 1725 350 1790 exercite
374 1723 579 1788 America'me
602 1722 681 1785 elim
704 1733 776 1787 erat
799 1728 949 1789 centurie
972 1726 1117 1809 quidam,
1141 1735 1199 1791 ns>-

89 1831 182 1892 mine
199 1830 327 1910 Iasper,
344 1837 402 1910 qui
417 1847 550 1908 semper
570 1828 605 1889 in
627 1827 781 1907 periculis
802 1830 952 1891 maximis
969 1829 1111 1893 libenter
1126 1851 1197 1893 ver-

49 1954 81 1992 ιο
90 1931 238 1994 sebetur.
286 1931 387 2006 Sicut,
420 1950 496 1993 cum
521 1931 674 1992 Britanni
700 1938 808 1992 castra
831 1931 994 2014 quaedam
1027 1941 1198 2014 oppugne-

90 2046 176 2110 rent,
199 2034 424 2116 vexillumque
446 2034 686 2096 America'mum
710 2035 784 2096 telis
812 2033 987 2116 abreptum
1012 2037 1046 2097 in
1074 2046 1195 2099 terram

90 2146 186 2202 extre
213 2138 413 2201 menitienes
437 2137 621 2210 cecidisset,
650 2137 737 2199 inter
760 2137 836 2212 tela,
861 2159 945 2220 quae
970 2139 1112 2220 plurima
1141 2140 1197 2202 ho·

91 2250 160 2307 stes
176 2242 395 2317 coniciebant,
412 2248 559 2305 ecastris
579 2239 688 2322 erepit
705 2239 770 2316 ille,
787 2240 1009 2323 vexillumque
1025 2254 1195 2325 arreptum

90 2346 125 2411 in
142 2346 230 2411 velle
244 2367 359 2410 rursus
375 2345 495 2430 posuit.

49 2467 79 2521 ¹5
135 2451 190 2514 Ac
214 2449 316 2533 paule
341 2461 426 2533 post,
449 2471 525 2513 cum
551 2449 762 2532 cegnevisset
786 2451 1006 2515 America'mes
1030 2461 1197 2534 paucese

92 2557 263 2620 Britannis
285 2554 405 2637 capitis
428 2555 603 2617 damnites
625 2556 816 2619 Savannam
838 2558 880 2618 ad
904 2568 1044 2619 mortem
1065 2557 1194 2634 deduci,

40 2662 44 2668 ’
90 2668 159 2722 ime
168 2679 244 2722 cum
257 2658 378 2723 comite
390 2660 571 2742 proiectus,
583 2659 625 2721 ad
638 2659 767 2722 iontem
780 2660 870 2722 haud
883 2659 997 2742 procul
1009 2659 1051 2722 ab
1063 2667 1103 2722 ee
1114 2662 1196 2725 urbe

90 2763 125 2827 in
149 2761 278 2826 Insidiis
300 2761 435 2838 latebat,
451 2771 489 2825 ut
511 2762 637 2825 civibus
663 2769 741 2837 suis,
759 2772 788 2825 sl
809 2773 933 2844 posset,
950 2764 1071 2825 auxilie
1095 2775 1193 2828 esset.

91 2869 174 2932 Mox
194 2866 228 2928 in
250 2874 468 2950 censpectum
491 2873 655 2928 venerunt
677 2875 809 2947 captivi,
826 2875 910 2948 ques
934 2865 1055 2929 milites
1078 2867 1194 2930 dccem

136 3075 159 3110 1.
184 3058 388 3124 discumbat:
426 3059 555 3124 discerpi,
591 3072 617 3126 3,
730 3075 754 3122 9.
778 3060 896 3111 libenter
907 3062 1081 3113 versabatur:
1102 3058 1195 3130 ireely,

88 3141 196 3205 cerpsi,
240 3141 368 3205 -cerptus,
406 3142 469 3191 tear
514 3141 562 3206 up.
581 3167 617 3180 ·-
668 3138 887 3207 delrgbtedtobe.

88 3219 261 3284 {tegmentaz
299 3216 491 3282 fragmentum,
520 3221 550 3284 -1,
579 3232 617 3283 m,
715 3237 754 3270 11.
780 3221 912 3272 vexillum
936 3223 980 3291 (-1,
992 3218 1057 3290 n.)r
1067 3222 1138 3291 stag,
1156 3221 1191 3275 cf.

87 3301 329 3353 bin-chartae:
366 3300 468 3365 charta,
499 3312 552 3365 -ae,
581 3312 617 3365 s,
669 3299 716 3353 the
729 3300 837 3352 Roman
850 3299 918 3369 flags
930 3301 1029 3353 shown
1041 3318 1080 3355 on
1091 3319 1117 3371 p.
1134 3301 1192 3353 162.

82 3382 187 3451 βαρῶν,
714 3398 759 3432 12.·
780 3381 912 3445 plurima:
932 3379 1025 3450 freely,
1043 3381 1117 3433 thick
1135 3381 1195 3434 and

134 3477 160 3512 a.
184 3459 255 3513 nur:
270 3460 385 3531 proved
391 3466 420 3513 to
430 3459 469 3513 bc.
659 3461 735 3533 fast.

134 3559 157 3604 4
183 3542 377 3594 contumeliae:
410 3540 540 3594 translate
568 3540 616 3595 the
723 3547 759 3591 16.
785 3541 900 3605 capitisz
920 3541 1124 3605 cf.p.47,l.16‚
1141 3543 1192 3592 and

86 3637 153 3694 gen.
175 3619 267 3673 “for‘’
290 3619 341 3692 (cf.
363 3622 499 3686 audaciae,
520 3638 549 3690 p.
572 3638 614 3689 39,
667 3620 714 3673 the
728 3622 1027 3674 note—Savannam:
1071 3638 1118 3673 see
1147 3621 1194 3674 the

85 3703 104 3758 l.
123 3700 167 3768 2).
668 3708 732 3752 note
744 3717 780 3752 on
790 3717 817 3768 p.
830 3713 871 3766 79,
885 3699 903 3751 l.
916 3701 1043 3751 21.-ad
1063 3705 1191 3754 mortem:

132 3787 156 3833 6.
180 3781 338 3833 contendit:
357 3780 465 3848 pushed
473 3797 518 3834 on.
666 3779 711 3831 ric.
725 3780 908 3830 toexecutrim.
