2700 4186
425 216 537 272 srnsn
563 217 686 272 marn
714 217 878 274 nsnoun
1163 236 1201 299 95

93 393 220 457 bellum
241 404 406 474 gererent,
425 395 509 470 lndl,
528 396 672 478 quedam
697 396 834 459 castello
855 397 1132 462 Americanerum
1153 420 1201 462 ex-

95 505 256 580 pugnate,
274 506 341 560 non
359 501 464 561 selum
482 507 628 562 armates
644 500 704 563 sed
724 502 824 563 etiam
843 502 998 564 mulieres
1016 502 1201 585 liberesque

96 609 228 665 summa
244 602 440 666 crudelitate
457 603 657 667 occiderunt.
705 604 782 686 Qua'r
798 605 900 668 caede
916 607 1077 682 nuntiate,
1097 608 1201 675 laese.

96 706 220 768 dilectu
238 706 361 781 habite,
379 727 479 789 quam
503 707 675 771 celerrime
698 708 870 789 profectus
893 719 953 784 est,
971 719 1007 772 ut
1030 711 1134 774 hostis
1153 731 1203 773 eo·

71 817 240 888 5erceret3
272 830 415 893 cumque
442 812 545 874 multa
571 812 660 873 mllia
687 831 846 892 passuum
878 814 942 876 iter
972 814 1116 890 fecisset,
1141 824 1203 877 etsi

98 914 219 976 milites
251 914 433 977 laberande
463 915 588 978 defessi
615 915 718 978 semel
748 915 934 1000 iterumque
966 918 1137 999 negabant
1168 926 1203 980 se

96 1017 230 1099 longius
247 1025 491 1099 progressuros
510 1021 662 1101 pervenit
683 1027 852 1100 postreme
874 1020 916 1083 ad
932 1031 1042 1084 castra
1058 1025 1204 1085 munitis-

97 1122 191 1197 sima,
220 1143 307 1204 quae
337 1125 370 1185 in
399 1131 471 1204 ripe
497 1124 642 1187 fluminis
674 1125 877 1207 Tallapr'rsae
909 1136 1090 1207 posuerant
1118 1126 1202 1189 Indi.

97 1226 167 1291 Ubi
183 1226 305 1290 ecriter
320 1236 506 1309 pugnatum
523 1238 575 1292 est
588 1248 595 1303 ;
619 1238 729 1292 castra
741 1238 855 1292 tamen
868 1240 945 1292 sunt
958 1239 1066 1311 capta,
1080 1231 1204 1292 hostes-

56 1360 87 1398 ιο
96 1351 161 1414 que
178 1350 288 1412 paene
305 1331 346 1393 ad
363 1339 467 1394 unum
480 1342 537 1395 aut
550 1332 594 1394 ibi
607 1335 777 1414 perierunt
790 1343 847 1395 aut
859 1333 892 1395 in
905 1333 1073 1396 Fleridam
1086 1334 1205 1414 fugere

96 1442 204 1499 coecti
220 1445 307 1498 sunt.
355 1436 503 1499 Victerie
520 1446 645 1518 potitus
659 1437 756 1499 laese>
772 1444 903 1499 summe
919 1438 1074 1500 cemitete
1091 1445 1204 1518 regem

97 1539 258 1601 Inderum
284 1540 423 1621 accepit,
441 1550 498 1622 qui
520 1548 607 1622 eque>
630 1551 745 1604 vectus
767 1552 878 1603 castra
896 1541 1019 1604 intrere
1038 1552 1088 1605 est
1105 1561 1205 1604 ausus

96 1651 239 1724 petitum
264 1652 303 1706 ut
333 1643 504 1707 fremente
535 1644 730 1707 Americini
760 1646 913 1707 iuvarent
944 1646 1098 1708 mulieres
1129 1644 1205 1708 llbe-

94 1741 216 1830 resque
236 1747 350 1821 Indes,
367 1748 473 1828 quiin
489 1747 581 1810 silvis
602 1748 744 1811 latentes
765 1749 889 1811 tamem
914 1756 1016 1828 aegre
1038 1749 1104 1812 iam
1128 1748 1205 1812 tole·

55 1874 83 1926 ις
94 1850 224 1915 rebant.

525 2023 707 2089 LESSON
744 2027 787 2088 80

506 2207 642 2272 Pz’rates
663 2207 791 2271 Aslzore

141 2369 326 2454 Quondam
341 2369 376 2433 in
393 2377 476 2434 mari
491 2369 663 2433 Atlantice
677 2370 860 2433 secundum
874 2371 952 2434 lltus
965 2370 1203 2435 Americenum

94 2476 187 2539 ultre
202 2474 353 2556 citreque
369 2473 573 2554 nevigabant
589 2481 724 2555 piretae,
743 2481 801 2555 qui
823 2475 977 2538 omnibus
1004 2474 1084 2538 locis
1104 2483 1205 2538 naves

94 2579 151 2642 vel
167 2577 390 2641 Americena'rs
406 2577 458 2639 vel
476 2577 686 2640 Britannicas
702 2577 911 2658 spoliebant3
938 2586 956 2640 e
973 2579 1092 2660 quibus
1109 2585 1204 2652 smus,

96 2702 252 2746 summae
275 2681 435 2744 audaciae
460 2681 570 2756 home,
597 2681 765 2744 liburnicis
792 2693 945 2762 praeerat
968 2682 1204 2764 compluribus,

52 2789 135 2850 201s
161 2785 238 2849 elim
264 2793 461 2867 oppugnare
483 2784 654 2848 censtituit
677 2785 838 2867 oppidum
863 2787 1091 2867 longinquum,
1117 2788 1204 2867 quod

96 2910 285 2972 numquam
302 2896 401 2953 antee
417 2889 594 2971 spoliatum
606 2899 688 2965 erat,
705 2891 865 2971 cuiusque
882 2890 1010 2952 incolae
1023 2890 1206 2971 locupletes

95 3014 177 3058 esse
195 2994 397 3057 dicebantur.

148 3097 228 3162 Sine
256 3096 455 3160 detrimente
481 3095 664 3160 liburnicae
694 3095 727 3158 in
757 3107 888 3178 portum
920 3104 1100 3173 venerunt;
1135 3106 1204 3158 tum

164 3280 191 3326 4.
218 3264 333 3315 enecti:
365 3264 489 3330 dilectus,
512 3266 563 3330 -ῖιε,
586 3276 630 3326 Μ.,
729 3280 767 3326 ι3.
794 3265 928 3328 petitum:
949 3260 1061 3330 supine3
1091 3261 1208 3314 another

94 3345 171 3414 levy-
683 3361 741 3413 way
775 3342 806 3396 of
838 3343 936 3413 saying
972 3346 1002 3394 ut
1038 3346 1151 3408 peteret.
1173 3373 1206 3382 -

165 3438 190 3487 5.
214 3427 284 3478 etsi:
316 3422 470 3496 modilying
501 3423 548 3478 the
571 3441 632 3496 pre·
682 3424 840 3476 fremente:
880 3425 912 3492 (a
944 3424 1126 3476 contribution
1157 3423 1205 3494 of)

95 3503 207 3576 ceding
218 3504 318 3559 clause.
677 3505 773 3574 grain.

166 3591 190 3637 ⁶.
214 3587 374 3640 laborando:
393 3586 508 3656 gerund.
730 3602 769 3648 14.
795 3587 929 3637 latentes:
961 3586 991 3637 in
1015 3584 1090 3637 their
1112 3583 1209 3652 hidz'ng

151 3684 192 3719 ιι.
217 3667 345 3719 victerle:
377 3666 425 3720 the
459 3683 535 3720 same
567 3682 631 3719 con·
680 3663 788 3733 places:
808 3664 848 3717 lit.
863 3665 953 3717 what?

97 3745 361 3804 structionaswith
374 3750 442 3799 r'rtor.
731 3761 770 3807 17.
797 3747 981 3810 nevigr'rbant:
998 3744 1177 3816 keptsaz’ling
