2700 4186
496 221 610 278 rursr
635 222 757 278 Lnrnr
784 222 947 280 READER
1228 243 1268 305 47

179 406 335 476 strenuus,
354 400 523 464 Britannis
545 401 684 482 parobat
704 401 846 484 prodere
866 413 984 477 castra,
1003 424 1089 485 quae
1107 404 1216 467 coloni
1236 404 1270 465 in

178 510 243 585 ripo
267 504 412 567 Hominis
437 504 612 567 Hudsonis
636 515 826 587 posuerant,
844 514 976 588 quoque
999 507 1040 569 ab
1060 507 1270 569 Americoms

176 614 378 690 comportota
395 618 490 671 erant
510 608 631 684 omnia,
648 628 734 691 quae
751 609 794 672 ad
814 609 937 671 bellum
956 611 1144 672 necessoria
1159 621 1269 686 erant;

175 729 248 772 nam
264 720 374 774 castra
390 717 508 773 notoro
524 712 588 774 loci
605 713 826 775 moultissima
842 723 946 787 erant,
964 733 1002 773 ac
1025 713 1117 774 ionis
1139 733 1270 795 quoque

138 813 301 877 Sierreus
324 813 370 876 ibi
398 821 489 878 trons
514 815 639 879 flomen
670 816 789 878 ductus
820 826 900 890 erat,
929 823 971 878 no
998 823 1099 878 novos
1126 816 1269 880 hostium

174 916 304 999 longius
320 918 461 982 adverso
475 919 612 983 flomine
628 922 786 1000 novigore
803 930 948 1001 possent.

215 1023 375 1096 Britanni,
393 1043 469 1086 cum
492 1024 558 1085 iam
578 1025 650 1087 dios
668 1023 863 1106 proditionis
879 1024 1173 1107 appropinquaret,
1190 1030 1271 1086 non·

173 1124 252 1188 tium
278 1133 447 1201 miserunt,
472 1135 529 1207 qui
551 1126 670 1190 ducem
695 1137 888 1190 conveniret
914 1129 1162 1203 Americonum,
1188 1129 1271 1190 litte·

173 1235 291 1311 risque
305 1229 348 1292 ab
361 1237 401 1292 eo
413 1238 605 1311 reportoret.
654 1231 834 1293 Incolumis
848 1231 890 1292 ad
904 1231 1104 1308 Arnoldium
1119 1233 1271 1313 pervenit

109 1332 326 1411 :onontius3
365 1333 424 1396 sed
451 1354 527 1396 cum
555 1335 596 1396 ad
625 1333 804 1398 Britannos
831 1335 963 1410 rediret,
992 1335 1032 1397 ab
1060 1335 1269 1399 Americonis

173 1435 276 1500 tribus
299 1447 417 1518 captus
441 1448 513 1500 est:
537 1448 594 1520 qui
616 1448 782 1520 captivum
804 1439 876 1501 sine
900 1445 992 1500 moro
1011 1438 1044 1500 in
1065 1449 1174 1501 castra
1196 1451 1269 1520 pro-

174 1538 259 1603 xima
279 1539 498 1618 dodoxorunt,
517 1562 716 1624 quamquam
738 1542 792 1604 ille
813 1543 912 1605 miser
930 1541 1084 1604 omnibus
1104 1542 1209 1604 modis
1229 1542 1270 1604 ab

174 1654 219 1709 eis
234 1645 375 1709 salotem
393 1648 572 1728 impetrore
589 1653 727 1708 conotus
745 1656 804 1710 est.
853 1646 929 1728 Quo
951 1645 993 1708 do
1015 1651 1050 1707 ro
1071 1646 1190 1707 certior
1206 1646 1272 1707 fac·

174 1758 233 1825 tus,
248 1750 431 1813 Arnoldius
444 1751 485 1812 ad
504 1752 683 1812 Britannos
701 1771 800 1832 quam
817 1749 988 1812 celerrimo
1004 1749 1170 1831 periogit;
1195 1756 1272 1831 quo

124 1869 143 1908 ι
150 1873 244 1928 5rum
260 1853 294 1914 in
311 1854 456 1916 exercito
473 1854 652 1935 imperator
668 1854 760 1916 brevi
776 1855 885 1916 factus
901 1862 960 1916 est.

217 1956 365 2019 Nontius
388 1956 529 2031 interim,
553 1964 654 2019 causa
681 1959 824 2038 cognito,
849 1957 967 2038 capitis
997 1967 1048 2020 est
1075 1955 1270 2032 damnotus3

175 2057 298 2124 litteris
314 2060 412 2136 enirn,
431 2067 514 2143 quos
532 2069 632 2123 mano
650 2061 743 2122 ducis
757 2060 951 2124 Americoni
972 2067 1112 2142 scriptos
1131 2060 1270 2134 ferebat,

175 2162 282 2228 delore
306 2172 373 2228 non
397 2175 559 2246 potuerat,
577 2175 756 2246 antequam
781 2165 815 2226 in
839 2171 989 2226 castrao
1016 2165 1141 2227 colonis
1167 2164 1271 2225 tribus

176 2266 291 2331 ductus
304 2277 363 2331 est.
411 2269 604 2342 Arnoldius,
616 2289 691 2330 cum
703 2275 818 2330 contro
831 2276 907 2330 suos
925 2275 1014 2329 civos
1029 2268 1189 2329 ocerrimo
1204 2266 1271 2329 bel-

139 2369 240 2434 aolum
257 2370 426 2454 gessisset,
442 2377 611 2452 postremo
627 2366 717 2450 apud
734 2366 912 2429 Britannos
929 2375 1078 2428 mortuus
1096 2374 1155 2438 est,
1173 2362 1272 2425 etiam

176 2481 219 2538 eis
230 2475 313 2555 ipsis
329 2473 453 2535 invisus
471 2481 553 2555 quos
569 2477 663 2533 tanto
680 2468 817 2551 perfidia
833 2468 988 2530 adiuvore
1005 2472 1142 2530 conotus
1155 2474 1232 2528 erat.

234 2637 256 2670 r.
284 2619 384 2684 castra,
400 2630 476 2683 quae,
493 2624 560 2669 etc:
582 2613 698 2683 namely,
796 2630 835 2675 14.
862 2626 945 2675 quam
956 2611 1107 2663 celerrime:
1127 2607 1273 2676 asqurckly

178 2699 252 2754 West
266 2697 359 2752 Point.
749 2709 782 2744 ar
789 2691 912 2761 possible.
922 2695 1076 2756 -quorum
1092 2691 1120 2740 in
1138 2691 1271 2741 exercito:

233 2797 256 2831 a.
283 2782 409 2844 quoque:
442 2779 483 2830 tle.
520 2780 615 2841 quo÷
638 2789 697 2840 que,
749 2774 811 2825 and
819 2776 850 2824 in
862 2771 935 2824 their
946 2787 1037 2840 army.

178 2861 233 2914 and
247 2863 307 2913 into
323 2857 429 2923 which5
455 2857 496 2911 for
515 2861 575 2923 quo,
595 2855 628 2910 cl.
652 2855 699 2908 the
796 2860 835 2904 16.
861 2854 985 2917 cognito:
1019 2851 1272 2914 trau-capitis:

179 2949 238 2995 note
257 2957 295 2994 on
313 2938 411 3008 p.8,l.
429 2953 468 3003 14.
749 2935 793 2985 tle.
825 2939 852 2985 to
883 2931 972 2985 daath.
1019 2932 1080 2983 The
1112 2931 1212 2999 charge
1243 2945 1275 2982 or

234 3038 260 3084 3.
286 3021 393 3073 omnia:
423 3027 487 3072 note
512 3017 559 3070 the
583 3015 696 3087 gender.
754 3013 824 3081 (less
845 3012 934 3080 osten)
958 3012 1004 3064 the
1026 3011 1135 3079 penalty
1157 3026 1220 3077 may
1240 3010 1274 3062 be

179 3127 209 3143 -
217 3104 267 3154 ad:
280 3100 344 3170 sor.
751 3094 906 3162 expressed,
914 3110 945 3145 as
956 3092 1029 3156 here,
1038 3091 1074 3159 by
1084 3090 1130 3141 the
1143 3089 1272 3158 genitive.

234 3199 261 3246 4.
288 3183 400 3233 nitori:
427 3187 492 3232 note
514 3178 562 3232 the
583 3194 701 3231 case·
797 3190 836 3237 17.
863 3178 960 3225 mano:
981 3171 1035 3225 abl.
1051 3170 1082 3223 ol
1101 3185 1196 3222 means
1208 3168 1273 3220 with

181 3258 249 3317 nni·
265 3262 322 3332 (is,
336 3263 406 3327 n.):
425 3259 516 3312 chain.
751 3257 876 3319 scriptos.

234 3356 258 3403 5.
284 3339 385 3391 ferreus
422 3341 473 3408 (a,
503 3336 592 3406 -um):
625 3337 697 3388 iron.
798 3353 836 3398 19·
863 3350 924 3388 curn
946 3375 951 3387 .
976 3374 982 3386 .
1006 3373 1012 3386 .
1033 3332 1180 3399 gessisset:
1200 3329 1275 3400 aster

183 3422 312 3474 -auetuo
324 3422 397 3473 erat:
416 3419 477 3471 had
485 3418 547 3470 been
559 3415 700 3469 strctclzed.
750 3418 998 3484 cnogang—suos:
1019 3414 1135 3468 observe
1153 3410 1200 3464 the
1220 3425 1276 3462 em-

238 3517 263 3565 7.
289 3501 464 3567 proditionis:
485 3498 609 3562 proditio,
623 3497 700 3558 -onis,
752 3495 844 3562 phatic
863 3496 982 3564 position
1007 3494 1056 3565 (cf.
1079 3493 1126 3546 the
1151 3499 1216 3544 note
1239 3505 1276 3542 on

184 3581 366 3648 r.‚betrayal;
397 3579 432 3634 cs.
456 3577 501 3631 the
520 3576 586 3630 verb
612 3579 701 3641 prodo,
752 3590 837 3641 suum,
850 3593 877 3644 p.
896 3591 935 3640 11,
948 3577 965 3627 l.
981 3575 1023 3641 6).

185 3657 235 3714 lt.
797 3673 839 3706 21.
865 3659 905 3707 eia
927 3657 1011 3720 ipsis:
1039 3657 1093 3707 dat.
1115 3670 1192 3712 case;
1214 3666 1275 3704 con·

227 3757 265 3792 ra.
292 3741 338 3791 ille
350 3741 445 3791 miser:
466 3739 506 3799 lae,
518 3744 588 3806 poor
593 3737 698 3804 follow.
753 3743 826 3788 strue
839 3735 905 3788 with
919 3738 1032 3788 invisus.
