2700 4186
153 245 169 290 2
477 231 590 288 FIRST
616 230 737 288 LATIN
764 232 928 288 READER

196 409 341 492 Quidam
364 420 434 475 tum
459 412 640 476 credebant
664 422 785 476 terram
812 433 886 476 esse
910 413 1098 488 rotundam,
1122 413 1254 478 Colum·

150 514 279 596 busque
292 517 390 579 etiam
409 523 543 597 sperare
560 528 716 598 coeperat
731 538 766 579 se
782 525 922 580 transire
940 537 1030 580 mare
1044 516 1252 581 Atlanticum

151 640 258 700 posse,
275 631 310 683 et
330 622 376 683 ita
395 621 437 683 ad
460 621 577 683 Asiam
595 631 785 701 pervenire;
811 629 908 683 neme
927 621 1013 683 enirn
1039 621 1254 702 intellegebat

151 734 272 786 terram
296 734 363 787 tarn
388 744 544 804 magnam
569 744 652 799 esse,
679 744 740 786 nec
765 723 947 788 Columbus
971 725 1043 808 ipse
1064 723 1253 806 suspicatus

126 836 202 891 sest
224 827 415 888 Americam
440 828 616 908 interpdni.

586 1059 771 1123 LESSON
804 1075 823 1120 2

390 1237 597 1324 Cltrzirtoplrer
612 1240 786 1305 Columbus
801 1239 1020 1326 (Continued)

196 1396 332 1458 Interim
360 1397 527 1459 Henricus
550 1405 607 1458 rex
630 1406 780 1459 mortuus
805 1404 884 1459 erat.
934 1395 1116 1458 Columbus
1139 1405 1252 1459 tamen

150 1499 184 1559 in
202 1498 409 1561 Lusitaniam
427 1500 598 1579 profectus
615 1510 674 1574 est,
693 1510 729 1562 ut
750 1507 822 1579 regi
845 1509 914 1561 tum
939 1498 985 1561 ibi
1008 1506 1148 1578 regnum
1172 1499 1252 1561 obti-

151 1609 243 1664 nenti
258 1602 429 1669 erinsilium
448 1623 545 1664 suurn
566 1613 727 1684 aperiret;
753 1603 812 1666 sed
836 1602 1022 1684 pecuniam,
1041 1622 1139 1684 quam
1164 1610 1252 1683 pete-

149 1706 215 1780 bat,
233 1706 313 1769 dare
329 1706 463 1768 nelebat
481 1715 546 1769 rex.
596 1708 647 1769 Ex
670 1707 844 1769 Lusitania
867 1706 968 1788 igitur
990 1706 1024 1769 in
1050 1706 1248 1788 Hispaniam

111 1826 140 1861 10
149 1811 211 1872 iter
226 1810 306 1872 iecit
323 1809 523 1888 Columbus;
548 1811 605 1873 ubi
620 1819 677 1873 rex
699 1811 931 1873 Ferdinandus
955 1810 1165 1892 Isabellaque
1187 1809 1251 1872 bel-

149 1913 216 1974 lum
233 1933 309 1975 cum
327 1915 454 1977 Mauris
470 1915 641 1996 gerebant,
658 1935 720 1977 nec
737 1915 912 1996 quisquam
929 1915 1093 1978 advenam
1111 1914 1253 1977 libenter

149 2017 312 2080 audiebat.
359 2017 478 2100 ltaque
493 2019 558 2093 ille,
572 2019 629 2081 ubi
645 2018 802 2099 crignrivit
817 2027 930 2099 regem
947 2029 981 2081 et
996 2026 1145 2100 reginam
1163 2018 1251 2080 nelle

148 2142 188 2184 ea
200 2122 312 2185 facere
325 2143 410 2203 quae
427 2130 628 2202 speraverat,
642 2124 683 2185 ad
702 2124 843 2186 Galliam
859 2143 976 2185 versus
992 2123 1163 2203 profectus
1181 2131 1249 2197 est;

148 2245 223 2288 curn
247 2236 359 2289 autern
383 2235 513 2289 montes
536 2235 700 2300 transiret,
726 2229 862 2288 nuntius
886 2237 937 2290 est
960 2234 1169 2301 censecutus
1194 2235 1251 2306 qui

112 2329 229 2406 15dixit
243 2329 328 2392 velle
345 2329 409 2391 iam
431 2330 608 2392 lsabellam
630 2336 747 2411 parare
769 2337 870 2391 naves
893 2329 1137 2411 pecuniamque
1159 2330 1247 2391 dare.

149 2432 225 2514 Qua
248 2441 284 2495 re
307 2435 428 2508 audita,
449 2434 631 2497 Columbus
657 2434 762 2495 laetus
786 2433 891 2507 rediit,
914 2441 1099 2514 nautasque
1124 2432 1250 2494 validis

148 2557 307 2618 quaerere
331 2539 456 2617 coepit;
482 2537 542 2599 sed
565 2557 673 2619 paene
697 2544 822 2612 omnes,
844 2536 1027 2618 periculum
1050 2537 1155 2609 veriti
1174 2555 1250 2596 cum

149 2648 189 2703 ed
211 2643 369 2721 navigare
392 2641 558 2703 ndlebant.

194 2745 365 2806 Postremi>
380 2754 490 2806 autem
508 2752 526 2805 e
543 2752 639 2824 portui
657 2743 735 2806 exiit
750 2743 855 2806 tribus
871 2764 946 2806 cum
967 2743 1108 2805 navibus
1128 2753 1249 2824 parvis

112 2869 139 2903 20
148 2869 233 2929 quae
252 2848 355 2922 Pinta,
375 2849 472 2922 Nina,
493 2849 663 2929 Santaque
682 2849 789 2910 Maria
808 2848 1082 2929 appellabantur,
1106 2867 1250 2928 cumque

212 3050 236 3085 r.
262 3033 388 3098 quidam:
412 3045 495 3086 masc.
506 3031 631 3100 pl.‚used
645 3050 674 3086 as
772 3050 811 3083 12.
837 3034 898 3084 ubi:
918 3030 1050 3100 temporal
1064 3029 1248 3100 conjunction.

148 3115 467 3166 amun—rotundam:
488 3113 674 3176 rotundus‚-a,
772 3129 811 3174 13·
837 3126 884 3164 ea:
907 3112 996 3181 (neut.
1013 3111 1066 3181 pl.)
1082 3111 1127 3164 the
1145 3111 1247 3180 things.

148 3209 213 3258 -um,
226 3193 325 3259 round,
340 3209 371 3246 or
381 3193 527 3264 spherical.
771 3208 811 3256 15·
837 3194 923 3244 velle:
942 3209 1002 3245 was
1013 3191 1129 3261 willing.

209 3292 235 3337 4.
262 3289 325 3326 nee:
345 3275 431 3326 and.
454 3313 460 3324 .
484 3313 490 3324 .
511 3279 565 3326 not.
771 3280 811 3324 16.
837 3275 941 3326 laetus:
956 3272 1060 3342 gladly,
1074 3289 1106 3325 or
1116 3270 1183 3324 with
1187 3273 1248 3341 joy.

210 3370 235 3418 ⁵·
262 3356 412 3419 interpini:
448 3354 488 3406 lit.
516 3360 543 3405 to
573 3353 608 3405 lie
633 3352 674 3405 bc·
726 3356 751 3407 A
769 3353 850 3406 Latin
868 3353 923 3423 adj.
944 3353 967 3406 is
987 3353 1062 3414 osten
1081 3353 1143 3406 best
1162 3360 1250 3404 trans-

148 3441 244 3488 tween.
725 3433 798 3487 lated
811 3433 848 3503 by
861 3450 896 3486 an
909 3432 1012 3487 adverb
1025 3450 1055 3486 or
1068 3450 1084 3486 a
1096 3432 1206 3502 phrase.

212 3531 236 3579 7.
262 3516 418 3567 obtinenti:
479 3521 552 3584 pres.
602 3521 671 3580 part.
771 3531 809 3578 17.
837 3515 933 3566 veriti:
949 3513 1015 3582 perf.
1024 3521 1091 3581 part.
1100 3513 1249 3578 uiuerent,

149 3594 377 3664 modifyingrrigi.
725 3601 755 3647 to
784 3595 818 3648 be
846 3592 997 3647 translated
1024 3609 1054 3645 as
1085 3610 1102 3646 a
1128 3602 1249 3661 present,

196 3693 235 3726 ro.
262 3677 323 3727 ubi:
346 3674 422 3742 (but)
438 3673 522 3727 there.
725 3675 772 3727 the
801 3674 883 3726 Latin
908 3691 957 3726 use
988 3671 1071 3742 being
1098 3673 1250 3726 somewhat

196 3773 235 3805 ιι.
262 3756 477 3820 necquidquam:
492 3753 669 3819 andnobody.
725 3754 842 3807 inexact.
