2700 4186
415 237 529 293 Frnsr
555 230 676 292 maru
704 237 866 294 ananan
1154 251 1210 316 77‘

87 415 179 480 silvis
205 415 381 480 ambulans
406 417 495 480 ieras
523 436 624 498 saepe
645 418 773 481 occidit.
823 403 923 495 Olim,
949 438 1026 482 cum
1053 439 1192 503 vespere

87 527 196 602 prime
214 520 351 583 domum
371 528 439 583 nen
461 521 610 596 redisset,
628 528 736 596 vicini,
753 523 851 584 veriti
869 529 912 584 ne
935 543 1018 603 puer
1034 523 1076 585 ab
1101 522 1193 588 Indis

87 634 146 686 aut
172 625 253 687 feris
276 633 366 688 esset
389 625 595 700 interiectus,
620 626 814 706 frequentes
843 634 1081 701 convenerunt,
1107 648 1194 691 com-

54 793 58 802 ,
88 728 260 810 plerisque
284 728 354 791 dies
379 735 571 790 erraverunt
596 749 655 810 per
678 729 787 804 silvas,
805 736 834 791 si
853 730 920 792 ulle
937 732 1035 793 mode
1055 753 1130 794 eum
1144 725 1192 795 in-

61 840 202 908 5venire
218 842 357 914 possent
364 852 372 909 ;
396 842 454 914 qui
472 839 642 912 postrema
658 840 883 913 pervenerunt
902 835 943 896 ad
965 856 1077 898 casam
1094 843 1193 898 ramis
1276 825 1277 829 ¹

88 935 359 1017 caespitibusque
375 936 582 998 aedificatam
599 942 619 997 a
635 944 740 1017 puere
755 937 837 1017 ipse,
851 947 908 1019 qui
923 939 1068 1001 irfistum
1085 941 1194 1002 carnis

88 1036 122 1099 in
139 1037 253 1116 ignem
270 1037 445 1117 porrigens
462 1036 554 1098 humi
572 1037 643 1114 sine
659 1036 778 1100 timere
797 1038 887 1101 selus
907 1039 1054 1102 sedebat.
1106 1041 1193 1102 Nam

88 1141 259 1204 evia'nen
281 1148 467 1217 erraverat3
492 1141 551 1204 sed
571 1141 723 1204 censulte
745 1149 780 1204 se
803 1143 935 1223 longius
956 1144 1142 1207 contulerat
1159 1145 1193 1206 in

88 1246 199 1320 silvas,
222 1245 311 1327 quod
336 1245 453 1327 procul
476 1245 518 1308 ab
543 1245 676 1327 oppidis
701 1246 773 1308 sine
799 1245 975 1309 comitibus
999 1247 1098 1309 etiam
1122 1257 1193 1310 tum

47 1378 78 1418 ro
88 1350 231 1413 libenter
247 1348 427 1412 habitabat.
673 1348 674 1352 ’

133 1454 252 1516 Paucis
280 1463 357 1535 post
384 1461 480 1516 annis
504 1464 601 1536 pater
627 1455 731 1517 multa
755 1453 845 1516 milia
872 1454 1031 1536 passuum
1056 1455 1097 1518 ad
1122 1454 1194 1518 loca

87 1557 272 1641 longinqua
295 1558 467 1622 censtituit
486 1559 520 1621 in
539 1558 640 1622 silvas
664 1558 837 1640 emigrare,
863 1559 952 1640 quod
975 1559 1041 1640 ipsi
1063 1541 1204 1640 quoque¹

88 1661 189 1726 urbes
205 1663 396 1745 oppidaque
409 1663 544 1725 minime
557 1669 653 1745 grata
664 1671 767 1725 erant.
817 1663 911 1744 Quas
923 1662 965 1724 ad
979 1663 1074 1725 sedes
1090 1668 1194 1725 novas

87 1767 146 1830 ubi
163 1766 358 1848 perventum
379 1776 439 1842 est,
462 1786 555 1848 puer,
573 1787 646 1829 cum
668 1777 764 1847 pater
781 1766 969 1847 fratresque
990 1766 1124 1829 arbores
1143 1787 1194 1830 ex·

47 1871 237 1946 15ciderent
267 1877 433 1951 agresque
467 1871 508 1932 ad
543 1877 635 1933 satas
669 1870 882 1951 accipiendas
916 1876 1081 1951 pararent,
1114 1871 1194 1932 feris

87 1974 273 2036 interfectis
297 1994 431 2037 carnem
449 1981 467 2036 e
482 1974 565 2036 silva
588 1974 709 2036 cotidie
731 1974 867 2036 domum
892 1973 1092 2055 reportabat.
1143 1974 1194 2035 In·

86 2078 220 2141 terdum
247 2085 349 2141 noctu
377 2098 510 2161 quoque
536 2085 677 2140 venatus
702 2097 776 2140 esse
804 2078 942 2140 dicitur:
966 2085 1033 2159 que
1060 2077 1193 2159 quidem

87 2193 240 2263 tempore
265 2182 395 2245 facibus
420 2182 614 2245 ardentibus
641 2189 691 2244 titi
714 2181 861 2258 solebat;
885 2180 1012 2243 lumina
1034 2181 1133 2256 enim,
1158 2191 1194 2244 ut

87 2307 190 2368 saepe
206 2285 248 2348 ab
268 2279 531 2366 expleratoribus
550 2286 746 2360 audivimus,
760 2285 802 2347 ad
818 2285 908 2348 feras
925 2292 944 2349 e
958 2285 1095 2348 latebris
1111 2285 1195 2348 elici·

44 2391 194 2455 :oendas
211 2398 334 2471 magne
350 2397 424 2452 risui
441 2399 527 2453 sunt.

151 2581 176 2616 a.
202 2567 252 2617 ne:
272 2560 306 2617 cs.
325 2563 373 2617 the
392 2572 458 2619 note
476 2580 556 2634 onp.
573 2562 618 2632 61,
669 2561 760 2618 would
789 2581 839 2634 say
863 2564 919 2618 “in
951 2564 998 2617 the
1028 2563 1193 2618 woods.”-

86 2641 105 2699 l.
117 2643 146 2698 6.
668 2645 738 2710 ipsi:
758 2643 835 2709 hain:
853 2653 980 2699 construe
993 2643 1057 2698 with
1070 2649 1158 2711 grata.

151 2741 176 2789 5.
203 2729 286 2777 ramis
305 2726 539 2791 caespitibusque:
559 2724 615 2780 abl.
714 2742 755 2788 13.
781 2730 865 2790 quaa:
882 2725 947 2779 this.
1073 2736 1074 2739 ’

86 2805 121 2860 of
130 2823 225 2860 means
239 2805 303 2859 with
316 2808 506 2872 aedificatam
529 2814 618 2860 trans·
714 2821 754 2870 15·
779 2810 872 2859 satira:
892 2810 978 2874 satus,
996 2812 1047 2874 uis,
1064 2823 1108 2875 ra,
1120 2818 1193 2879 crop.

88 2887 143 2941 hte
158 2885 271 2959 (freely)
288 2885 366 2940 “oi‘'
714 2893 754 2939 16.
781 2890 952 2952 reportabat:
973 2897 1040 2942 note
1052 2889 1098 2942 the
1109 2898 1194 2942 tense.

152 2984 177 3032 7.
204 2969 262 3019 sine
292 2969 405 3021 timore:
441 2969 486 3021 tle.
515 2984 617 3021 ancon·
714 2984 753 3031 17.
780 2971 912 3020 venatus:
957 2976 1022 3021 note
1056 2969 1104 3021 the
1134 2987 1195 3022 case

86 3049 204 3114 cermel:
223 3046 258 3101 cf.
273 3049 365 3100 timei.
670 3047 742 3121 (and
770 3049 831 3102 that
860 3049 959 3100 dicitur
990 3047 1013 3101 is
1039 3048 1193 3117 personal).

151 3136 176 3182 8.
202 3129 325 3193 longius:
339 3127 465 3183 absolute
478 3145 618 3198 compara·
667 3133 762 3194 -quo
777 3169 783 3180 .
800 3167 807 3180 .
823 3166 831 3181 .
844 3131 980 3193 tempore:
1000 3130 1014 3179 i
1023 3146 1045 3180 e.
1060 3137 1088 3180 at
1102 3129 1192 3199 night:

88 3209 156 3264 tive.
668 3209 802 3279 freely,on
815 3208 879 3261 such
892 3210 1035 3261 occasions.
1064 3210 1094 3261 In
1108 3217 1196 3263 trans-

151 3308 176 3353 9.
203 3292 374 3347 etiamtum
392 3290 437 3343 aie.
458 3306 529 3343 even
538 3288 619 3344 when
669 3288 764 3359 lating,
778 3291 888 3354 quidem
901 3307 963 3358 may
976 3288 1010 3342 be
1023 3288 1147 3342 omitted.

88 3389 122 3426 so
141 3383 243 3442 young.
716 3377 754 3421 18.
782 3369 910 3423 facibus:
949 3370 1005 3434 fax,
1042 3369 1120 3437 facis,
1157 3385 1195 3436 1².,

136 3471 176 3504 ιο.
202 3453 319 3504 libenter
336 3452 496 3504 habitabat:
518 3450 565 3503 ae.
586 3448 619 3503 k:
668 3450 764 3516 torch3
782 3449 825 3504 for
844 3459 953 3521 syntax,
972 3448 1006 3504 cf.
1027 3456 1087 3516 qua,
1106 3468 1133 3521 p.
1154 3463 1194 3516 74,

87 3532 150 3586 laad
159 3550 177 3585 a
189 3531 335 3603 likingsor
346 3532 442 3602 living.
668 3531 685 3584 l.
699 3546 724 3583 2.
734 3534 822 3584 -utr
842 3549 884 3585 as.

136 3630 176 3664 rr.
203 3616 296 3678 pater:
316 3614 438 3664 socius.
714 3629 753 3674 19.
780 3615 830 3665 ab:
842 3613 936 3685 from.

137 3711 178 3744 12.
204 3694 233 3744 in
252 3693 354 3744 silvas:
374 3709 439 3750 acc..
459 3691 576 3745 because
589 3694 617 3745 oi
712 3708 751 3742 ao.
778 3695 961 3756 magnousui:
981 3690 1016 3746 cf.
1027 3690 1075 3745 the
1083 3699 1149 3746 note
1158 3707 1195 3744 or¹

88 3773 137 3827 ibe
154 3770 218 3825 verb
227 3770 259 3824 of
265 3769 369 3825 motion
383 3772 543 3842 (emigrare)
556 3788 563 3831 ς
577 3789 617 3826 we
668 3773 810 3838 praesidio,
823 3789 851 3842 p.
865 3772 908 3842 65,
921 3771 939 3825 l.
951 3785 977 3838 4.
