2700 4186
515 241 628 298 amsa
654 240 776 298 namu
803 239 968 297 ananan
1232 252 1290 320 155

152 425 299 487 stituit.
348 423 463 505 Quare
486 423 669 505 equitatum
694 440 826 483 omnem
859 426 965 501 prima
989 430 1086 483 nocte
1118 420 1160 482 ad
1184 429 1293 483 castra

155 525 354 591 Saburrae
392 526 591 608 praemittit;
642 535 698 607 qui
730 527 834 587 hostis
865 531 1106 605 necopinantas
1146 523 1291 598 adortus,

152 650 346 712 magnum
360 638 475 693 eorum
488 650 664 692 numerum
676 630 805 692 occidit.
854 627 931 710 Quo
944 629 1044 702 iacta,
1057 627 1099 688 ad
1113 626 1292 691 Cr'rrit‘mem

145 731 313 815 equitas
330 719 474 794 redeun't
490 736 707 812 captivasque
723 728 766 790 ad
782 747 858 790 eum
875 727 1048 807 redacunt.
1084 718 1087 723 ’

599 981 782 1047 LESSON
819 998 880 1060 124

416 1164 448 1230 Τ
442 1165 482 1228 he
505 1163 712 1228 Numidiam
736 1173 839 1225 resort
861 1173 892 1225 to
918 1163 1074 1247 Strategy

85 1324 112 1378 ⁵
219 1328 341 1413 Curio,
366 1327 559 1391 cohortibus
583 1333 729 1408 quinque
754 1332 871 1387 castris
888 1325 1054 1406 praesidia
1075 1325 1209 1401 relictis,
1225 1344 1293 1388 om-

154 1431 282 1496 mibus
299 1452 376 1495 cum
391 1430 494 1513 capiis
508 1436 625 1511 quarta
637 1429 751 1510 vigilia
764 1430 944 1510 proiectus,
958 1448 1017 1490 sex
1028 1423 1119 1491 milia
1132 1449 1290 1510 passuum

160 1530 250 1598 iam
266 1537 340 1618 ipse
366 1543 563 1616 pragressus
585 1544 665 1596 erat.
715 1533 790 1614 Qui,
808 1532 946 1594 victaria
962 1519 1130 1613 equitatus
1146 1531 1290 1612 adgnita,

166 1621 285 1702 etiam
310 1639 450 1702 celerius
473 1638 536 1702 iter
558 1638 657 1713 iacit3
684 1637 802 1698 Iubam
825 1635 915 1698 enim
940 1634 1096 1698 cradabat
1119 1635 1218 1716 longa
1239 1635 1292 1698 ab

173 1762 268 1820 «esse,
287 1744 492 1824 exiguasque
509 1741 677 1808 Saburrae
693 1740 807 1822 capias
822 1739 923 1802 facile
939 1746 976 1802 sa
991 1740 1180 1824 opprimere
1192 1759 1292 1822 posse

64 1839 135 1881 ἀ
177 1847 407 1910 existimabat.

232 1952 370 2015 Interim
395 1961 506 2014 autem
532 1950 616 2014 iuba
640 1946 751 2034 (cuius
773 1949 816 2012 da
837 1949 984 2011 discessu
1008 1949 1097 2012 falsa
1118 1959 1190 2013 erat
1210 1958 1292 2012 nr'rn·

183 2054 314 2130 tiatum,
331 2065 454 2138 quique
469 2055 535 2118 iam
552 2055 642 2118 haud
659 2054 760 2135 longa
775 2051 916 2132 aberat),
928 2053 970 2116 da
985 2061 1150 2116 nocturna
1165 2055 1292 2136 proelia

193 2159 307 2223 certior
322 2159 442 2235 factus,
460 2157 633 2222 duomilia
657 2159 804 2240 equitum
828 2177 968 2239 eamque
985 2144 1134 2239 peditum
1151 2168 1290 2238 partem,

59 2346 147 2414 ’δ
194 2386 262 2430 cum
276 2367 410 2449 reliquis
423 2369 526 2449 capiis
544 2369 797 2452 elephantisque
814 2370 987 2448 sexaginta
1003 2369 1110 2430 lanius
1123 2366 1293 2449 subsequi·

193 2479 251 2536 tur.
298 2471 494 2553 Suspicatus
524 2473 618 2535 brevi
649 2474 828 2555 Carianern
859 2473 969 2553 ipsum
993 2472 1120 2547 adfore,
1146 2471 1293 2536 Saburra

194 2575 302 2659 capias
336 2576 486 2658 equitum
522 2578 740 2659 peditumque
775 2575 884 2638 statim
919 2575 1076 2639 instraxit
1112 2585 1210 2657 atque
1245 2583 1292 2638 eis

193 2678 363 2761 imperavit
387 2689 423 2743 ut
446 2680 543 2742 simul
567 2690 668 2764 atque
692 2690 798 2743 nostri
820 2679 854 2741 in
876 2688 1093 2761 canspectum
1110 2679 1291 2755 venissent,

195 2781 399 2846 simulatiane
415 2783 542 2847 timoris
559 2784 717 2865 paulatim
737 2784 903 2847 caderent.

63 2868 189 2934 ‘Q
234 2885 312 2970 Quo
326 2887 427 2962 facto,
442 2888 555 2951 hostes
572 2888 692 2970 fugere
705 2889 807 2953 Curia
823 2897 914 2950 ratus
929 2887 1078 2968 legianas
1094 2887 1137 2950 de
1152 2886 1291 2952 collibus

252 3063 277 3100 ι.
301 3048 352 3100 ad:
371 3048 417 3100 aa.
430 3047 571 3101 toattack.
812 3053 852 3100 16.
878 3049 1047 3114 suspicatus:
1074 3046 1205 3101 translate
1225 3064 1290 3100 asa

234 3143 274 3178 ιι.
301 3124 388 3179 falsi:
427 3126 500 3193 adv„
531 3126 572 3180 lit.
593 3126 717 3200 salselyr
766 3137 885 3199 present.
900 3130 1053 3194 —ipsum:
1080 3145 1111 3180 as
1136 3132 1292 3181 contrasted

195 3205 288 3261 render
299 3205 347 3260 the
360 3205 451 3261 clause
465 3206 557 3278 ireely.
766 3209 830 3261 with
840 3209 883 3262 his
892 3208 1007 3278 cavalry,
1018 3207 1107 3262 which
1117 3206 1172 3260 had
1181 3207 1289 3278 already

235 3304 275 3340 ιι.
301 3291 416 3354 quiquo:
446 3289 491 3341 ia.
518 3292 716 3354 qui÷quo.-
766 3287 837 3343 been
856 3290 884 3342 in
903 3287 1166 3343 action—adime:
1185 3290 1230 3340 i.e.
1245 3291 1291 3341 ad·

196 3371 316 3422 nocturno
328 3370 443 3435 proelio:
458 3385 505 3423 see
517 3368 535 3422 l.
553 3384 563 3422 1
579 3367 607 3422 ff.
659 3419 661 3425 ,
766 3370 887 3422 futurum
904 3385 972 3422 esse.

235 3467 275 3514 ¹4·
302 3438 473 3503 connotant:
526 3450 643 3514 confido,
691 3464 716 3518 3,
812 3457 851 3506 ιδ.
878 3452 961 3502 simul
978 3454 1076 3517 atque:
1096 3458 1140 3504 ae.
1160 3465 1222 3503 cum
1238 3454 1292 3517 prl-

196 3526 271 3582 ·flaua
289 3545 359 3595 cum,
371 3528 438 3583 with
451 3529 584 3599 dat.,rely
600 3531 713 3601 (upon).
766 3533 1054 3584 mum-venissent:
1066 3530 1099 3586 cf.
1116 3530 1163 3585 the
1180 3538 1245 3586 note
1254 3548 1292 3586 on

196 3634 222 3649 —
234 3611 369 3664 subsidia:
390 3608 447 3663 dat.
461 3608 494 3664 of
507 3609 618 3664 service.
766 3615 978 3677 exspectassent,
992 3628 1017 3680 p.
1034 3609 1119 3676 1041.
1136 3611 1177 3664 18.

237 3705 274 3754 ις.
300 3692 471 3757 elephantia:
494 3691 666 3759 elephantus,
684 3692 716 3758 ·i,
811 3709 851 3755 19.
877 3692 1066 3744 simulatione:
1094 3690 1226 3746 translate
1244 3691 1292 3748 the

197 3778 236 3835 tn,
247 3771 383 3842 elephant.
764 3775 821 3825 abl.
835 3770 953 3824 “with’‘
