2700 4186
469 236 672 294 SUMMARY
697 237 748 294 OF
774 237 908 294 FORMS
1179 248 1239 315 357

638 433 745 481 PLURAL

264 549 345 598 Masc.
414 549 482 598 Fem.
559 549 636 599 Neut.
770 551 851 600 Masc.
966 551 1033 598 Fem.
1117 549 1192 597 Neut.

755 649 844 699 eidem
929 651 1039 701 eaedem
1103 647 1198 699 eadem

113 717 145 772 Ν
147 743 221 786 om.
249 734 302 802 ipsi
397 734 472 803 ipsae
543 733 604 804 ipsa
754 736 837 788 iidem
1143 743 1148 752 ’

344 813 346 817 ’
753 824 825 875 idem

101 891 208 960 Gen.
247 909 366 978 ipsorum
395 908 515 978 ipsimm
544 909 663 978 ipsorum
752 912 894 963 eorundem
924 909 1068 960 oimndem
1099 909 1242 961 eorundem

751 999 854 1050 eisdem
925 998 1029 1047 eisdem
1100 999 1203 1048 eisdem

91 1064 201 1137 Dat.
246 1083 314 1154 ipsis
395 1083 464 1153 ipsis
545 1083 613 1153 ipsis
751 1086 849 1138 iisdem
926 1084 1025 1135 iisdem
1101 1084 1199 1135 iisdem

751 1175 838 1224 isdem
928 1172 1016 1222 isdem
1101 1172 1187 1222 iudom

83 1241 192 1314 Aeo
248 1257 321 1327 ipsos
395 1257 469 1327 ipsae
544 1257 603 1328 ipsa
751 1261 858 1313 eoadem
923 1260 1033 1310 eaodem
1100 1259 1194 1311 eadem

753 1349 856 1399 eisdem
921 1348 1024 1398 eisdem
1100 1347 1203 1397 eisdem

82 1417 198 1486 Abl.
248 1431 316 1501 ipsis
397 1431 466 1502 ipsis
546 1431 615 1501 ipsis
752 1435 877 1487 iisdem'
922 1435 1020 1485 iisdem
1099 1433 1197 1484 iisdem

750 1523 838 1573 isdem
917 1521 1005 1573 isdem
1100 1522 1188 1572 isdem

565 1703 812 1756 Innnnnoonniva

412 1849 469 1920 qui
491 1839 606 1926 (quis),
631 1861 724 1920 quae,
748 1846 832 1922 quod
854 1841 964 1926 (quid)

366 1947 502 2027 Sinovnnn
936 1978 1042 2026 Pinnae

248 2077 330 2128 Masc.
407 2077 475 2127 Fene.
560 2079 637 2127 ΝΜ.
759 2079 840 2126 Masc.
940 2057 1008 2127 Fem.
1130 2078 1206 2128 haut.

87 2165 214 2237 Nom.
255 2186 302 2252 qui
403 2199 473 2253 quae
554 2186 626 2254 quod
758 2187 805 2253 qui
941 2198 1011 2252 quae
1128 2197 1197 2252 quae

226 2313 229 2318 ,
257 2271 319 2339 quin
554 2272 621 2341 quid

195 2397 201 2409 .
255 2358 332 2412 cuiue
403 2360 481 2412 cuiun
552 2359 628 2412 cuiue
759 2361 872 2428 quorum
943 2363 1056 2428 quirum
1127 2361 1240 2426 quorum

188 2485 194 2497 .
254 2447 300 2499 cui
402 2448 446 2500 cui
551 2447 596 2499 cui
758 2442 857 2514 q'uibun
943 2447 1041 2514 quibua
1124 2447 1223 2515 quibus

191 2571 197 2584 .
253 2548 335 2602 quem
402 2549 485 2602 quam
551 2536 622 2602 quod
759 2537 827 2603 quoe
944 2538 1012 2602 quie
1125 2546 1195 2602 quae

551 2622 616 2690 quid

189 2747 194 2758 .
255 2711 307 2779 quo
402 2712 458 2778 qui
549 2711 602 2778 quo
758 2709 856 2776 quibus
942 2709 1041 2776 quibus
1124 2708 1223 2776 quibua

174 2849 272 2907 Nom.
315 2848 388 2906 This
407 2866 545 2923 pronoun
563 2866 630 2924 may
645 2848 682 2906 be
696 2848 770 2906 used
788 2848 882 2905 either
896 2865 928 2904 as
943 2866 982 2904 an
997 2848 1143 2923 adjective
1158 2866 1192 2905 or
1206 2866 1237 2903 as

104 2949 134 2990 a
168 2963 258 3002 noun.
303 2945 338 3002 In
361 2945 411 3002 the
432 2964 511 3003 noun
533 2964 595 3016 use,
610 2948 677 3016 quie
699 2945 832 3020 replaces
853 2949 903 3015 qui
918 2943 1084 3023 (singular),
1101 2948 1171 3015 quid
1192 2961 1236 3001 re-

107 3036 230 3102 places
245 3045 329 3114 quod,
345 3042 406 3101 and
420 3042 471 3101 the
485 3042 627 3101 feminine
642 3043 666 3099 is
681 3042 799 3116 lacking
814 3040 1003 3116 throughout.

606 3228 764 3280 Rnnmvn

539 3375 604 3447 qui,
629 3386 720 3445 quae,
745 3369 828 3446 quod

115 3603 123 3616 .
171 3520 241 3580 The
257 3519 349 3579 forms
368 3521 403 3579 oi
416 3521 473 3579 this
490 3540 627 3597 pronoun
647 3540 697 3580 are
717 3523 856 3581 identical
871 3523 939 3581 with
958 3521 1009 3579 tho
1025 3522 1114 3579 forms
1134 3522 1169 3579 of
1186 3520 1236 3579 the

112 3617 338 3694 lutenogative
358 3635 492 3692 pronoun
512 3619 600 3693 given
619 3619 678 3692 just
699 3621 803 3690 above,
825 3620 984 3694 excepting
1005 3618 1069 3677 that
1088 3623 1156 3689 quis
1176 3618 1235 3676 and

112 3719 198 3782 quin
212 3734 262 3774 are
276 3715 401 3790 lacking.
