2700 4186
490 237 604 291 FIRST
630 234 752 294 LATIN
779 235 943 293 READER

594 501 777 566 LESSON
809 513 849 583 75

483 687 514 752 A
539 689 733 770 Dangerous
759 685 950 772 Conspiracy

210 839 299 918 Olim
323 853 357 917 in
381 853 507 917 finibus
532 851 692 914 Inderum
717 852 759 915 ab
783 853 995 916 Americainis
1014 855 1198 919 censtittita
1218 866 1269 921 est

165 957 335 1040 priivincia
358 958 510 1032 maxima,
531 977 573 1019 ex
595 962 661 1038 quai
684 977 762 1037 pars
786 957 950 1038 quaedam
973 958 1074 1022 etiam
1098 980 1188 1022 nunc
1214 961 1268 1022 in-

165 1062 263 1123 diena
280 1060 476 1142 appellatur.
525 1061 698 1123 Previncie
723 1059 904 1124 censtittita‘t
926 1068 985 1124 rex
1001 1061 1116 1138 lnduS,
1134 1064 1268 1127 nemine

165 1167 339 1240 chumsa,
357 1171 413 1247 qui
436 1171 479 1227 ne
502 1172 591 1227 cives
608 1174 659 1226 sui
674 1164 769 1227 brevi
784 1164 925 1247 patriam
942 1173 1046 1229 tetam
1063 1166 1268 1232 dimitterent

139 1269 280 1340 stimere
296 1278 463 1350 coeperat,
480 1269 635 1332 omnibus
659 1270 739 1331 locis
764 1270 873 1351 palam
895 1269 1006 1332 dicere
1021 1277 1089 1332 nen
1105 1271 1269 1336 dubitavit

164 1375 236 1437 sine
251 1381 416 1437 censensu
442 1373 589 1435 omnium
614 1373 786 1435 nationum
803 1373 896 1436 Indis
912 1393 1030 1455 agrum
1047 1376 1176 1437 millum
1192 1384 1269 1439 ven·

72 1549 75 1554 .
164 1479 310 1540 dendum
335 1498 426 1556 esse;
452 1497 490 1541 ac
514 1485 693 1561 postremc‘),
718 1476 866 1540 conciliis
889 1477 1036 1560 undique
1066 1488 1266 1556 convocetis,

161 1583 322 1645 barbares
345 1583 495 1646 hortetus
516 1590 568 1644 est
582 1591 619 1643 ut
635 1589 671 1644 se
687 1592 906 1664 sequerentur
921 1582 1093 1664 hostisque
1109 1582 1234 1648 invises
1250 1591 1269 1647 e

163 1685 287 1749 linibus
303 1697 372 1749 suis
388 1685 601 1767 expellerent.

123 1826 154 1860 ,ο
208 1790 349 1866 Deinde,
382 1810 457 1853 cum
489 1789 531 1852 ad
562 1801 663 1871 caput
694 1792 885 1872 previnciae
917 1792 1017 1872 legiti
1046 1793 1268 1857 conveniendi

162 1900 264 1957 cause
285 1896 349 1956 iter
370 1892 516 1969 fecisset,
538 1914 739 1974 quamquam
763 1894 798 1955 in
822 1892 925 1974 legati
946 1894 1078 1957 aedium
1102 1897 1268 1961 vestibulo

160 1999 227 2080 ipsi
249 1998 494 2079 comitibusque
517 1996 677 2060 subsellia
699 1998 809 2078 posita
827 2007 932 2073 erant,
947 1997 994 2060 ibi
1010 2000 1126 2061 sedere
1142 2001 1266 2063 neluit:

162 2112 285 2165 terram
308 2104 397 2164 enim
421 2101 634 2164 cenfirmevit
656 2121 730 2163 esse
754 2101 916 2164 Inderum
938 2109 1089 2178 matrem,
1107 2112 1210 2186 seque
1232 2103 1266 2168 in

162 2213 202 2269 eri
225 2213 313 2268 stere
338 2204 454 2283 melle3
484 2204 598 2287 itaque
621 2204 751 2287 legitus
783 2204 826 2268 ad
857 2205 1058 2288 colloquium
1089 2205 1123 2269 in
1148 2208 1265 2271 silvam

123 2334 151 2386 15
162 2309 320 2391 progredi
341 2317 477 2372 coectus
498 2318 560 2372 est.
607 2308 660 2371 Ibi
675 2309 755 2371 dum
772 2309 1014 2392 colloquuntur,
1032 2311 1200 2375 Tecumsa
1213 2334 1267 2377 ve-

161 2415 335 2477 hementer
357 2423 409 2477 est
431 2421 480 2476 ira
503 2420 698 2490 commetus
723 2414 867 2503 eiusque
886 2414 1022 2477 comites
1046 2423 1171 2479 sectiris
1191 2426 1266 2481 crin-

160 2517 274 2580 festim
296 2519 517 2600 arripuerunt.
565 2517 634 2581 Sed
657 2518 852 2581 Americaini
873 2528 981 2602 pauci,
998 2526 1055 2600 qui
1077 2520 1265 2596 adstebant,

161 2622 274 2685 statim
297 2623 518 2702 expedierunt
540 2643 643 2697 arma,
668 2623 854 2704 militesque
877 2629 1008 2685 summe
1031 2623 1201 2688 celeritete
1224 2625 1266 2688 ad

160 2727 308 2808 legatum
333 2726 583 2789 defendendum
608 2725 842 2803 adcurrerunt;
868 2726 989 2808 quibus
1020 2727 1119 2791 rebus
1149 2729 1266 2806 territi,

119 2830 240 2894 201ndr
254 2830 337 2892 nihil
359 2839 430 2892 tum
454 2837 527 2892 ausi
550 2839 637 2892 sunt,
685 2829 734 2892 At
756 2829 895 2911 legatus,
914 2839 971 2912 qui
985 2830 1086 2911 plene
1100 2833 1267 2898 sentiebat

161 2954 238 2996 cum
248 2933 398 2996 barbaris
409 2935 471 2995 sibi
484 2955 560 2995 mox
572 2932 797 2995 dimicandum
810 2954 894 3008 esse,
905 2935 1019 3016 cepies
1032 2934 1112 2997 satis
1124 2946 1267 3018 magnes

223 3134 248 3179 4.
275 3119 323 3169 ne:
345 3114 503 3184 depending
525 3133 562 3168 on
583 3116 687 3182 timere,
784 3133 823 3168 12.
849 3117 919 3182 ipsi:
951 3117 1267 3171 Tecumseh.-subse1=

156 3197 180 3248 1.
195 3199 368 3266 5.-titam:
384 3194 513 3247 translate
527 3194 564 3264 by
573 3212 608 3246 an
622 3195 685 3247 adv.
739 3197 792 3249 lia:
813 3199 980 3262 subsellium,
1004 3201 1035 3263 -i,
1048 3213 1090 3263 rc,
1102 3197 1193 3250 bench.

221 3292 246 3339 5.
273 3277 395 3328 omnibus
412 3276 492 3327 locis:
514 3273 648 3343 cf.p.82,
666 3275 685 3327 l.
785 3293 824 3341 17.
850 3281 943 3344 pauci:
977 3277 1023 3329 the
1036 3277 1108 3348 few.

161 3357 185 3409 6.
784 3365 824 3409 18.
850 3359 1042 3423 expedierunt:
1062 3359 1108 3410 zie,
1122 3363 1266 3426 expedive-

222 3433 253 3496 θ’.
274 3440 419 3490 censensi:
451 3441 606 3505 censensus,
634 3442 685 3503 -is,
737 3443 808 3490 runt.
824 3470 861 3477 -
882 3441 916 3490 ad
942 3478 948 3490 .
976 3477 982 3490 .
1011 3477 1017 3490 .
1043 3439 1264 3495 defendendum:

160 3532 205 3584 nn,
248 3519 582 3570 commemo-indis:
627 3517 683 3569 dat.
737 3518 772 3570 cf.
795 3520 841 3572 the
870 3520 1059 3574 construction
1080 3520 1147 3573 with
1175 3528 1265 3591 causi,

161 3616 232 3651 case.
737 3599 755 3650 l.
773 3614 813 3651 11.

207 3698 246 3732 ιι,
272 3681 422 3731 vestibuli:
454 3678 628 3744 vestibulum,
655 3684 684 3746 -i,
783 3699 823 3744 19,
848 3686 1034 3736 sucurrerunt:
1077 3687 1197 3754 somno,
1239 3701 1264 3756 3,

160 3775 197 3825 u,
216 3766 347 3812 entrance
361 3764 448 3813 court.
738 3765 824 3830 curri,
836 3777 954 3816 -cursum
965 3766 1017 3832 est,
1029 3780 1089 3820 run
1100 3767 1148 3835 up.
