2700 4186
318 223 433 281 FIRST
458 223 580 280 LATIN
607 223 770 282 READER
1035 241 1094 308 125

102 404 227 479 iiaeto,
242 405 307 466 dux
324 405 458 486 quidam
476 394 655 481 Gallorum,
671 406 804 468 nomine
821 405 1004 482 Ambiorix,
1018 426 1094 470 cum

102 518 154 571 tus
169 517 219 571 tot
234 507 267 570 in
286 516 398 590 partes
422 508 547 572 divisus
562 520 659 585 esset,
680 511 850 574 Romanos
875 511 939 573 iam
960 512 1094 574 demum

111 620 263 695 superari
293 633 393 695 posse
423 622 524 690 ratus,
551 620 616 676 ilna
639 623 749 676 castra
771 615 954 697 longinqua
985 614 1096 678 subito

102 728 218 794 .ortus;
242 719 388 799 impetus
409 727 521 780 autem
538 717 669 780 fortiter
684 727 844 800 exceptus
860 728 912 782 est
927 725 948 781 ai
963 727 1093 796 nostris,

102 824 197 905 [uites
229 823 374 885 hostium
398 822 575 884 confestim
600 821 632 883 in
657 823 773 904 fugam
798 823 970 886 dederunt.
1018 823 1093 906 Qui

102 927 190 1000 iecti,
209 926 298 990 Galli
314 927 542 990 clamaverunt
557 932 594 989 se
610 926 810 1008 colloquium
827 927 931 1003 velle;
956 934 1024 1010 quo
1041 948 1096 990 au·

102 1037 186 1112 igati
202 1037 260 1112 qui
277 1031 340 1092 illis
358 1039 475 1092 castris
494 1040 681 1110 praeerant,
698 1037 791 1093 extra
810 1032 1010 1094 munitiones
1028 1020 1094 1094 non

102 1140 225 1198 verunt
234 1141 291 1197 eos
303 1134 443 1209 mittere,
452 1141 509 1217 qui
519 1153 594 1196 cum
607 1132 805 1216 Ambiorige
815 1133 1092 1218 colloquerentur.

401 1413 586 1480 LESSON
622 1431 681 1478 roa

288 1599 319 1664 A
343 1599 467 1681 Parley
490 1599 571 1662 wita
595 1600 649 1663 tae
670 1561 799 1683 enemy

102 1763 302 1846 colloquium
321 1764 442 1825 missus
460 1773 512 1825 est
528 1763 565 1827 C.
583 1763 775 1844 Arpineius,
789 1783 892 1846 eques
910 1764 1093 1842 Romanus

109 1868 239 1942 Iunius,
268 1866 514 1948 Hispaniensis,
537 1876 594 1949 qui
616 1868 680 1928 iam
706 1877 784 1930 ante
807 1874 827 1929 a
852 1868 996 1932 Caesare
1019 1870 1094 1951 ipso

103 1972 252 2034 delectus
269 1980 349 2046 erat,
367 1980 403 2033 ut
420 1990 495 2032 cum
512 1970 709 2052 Ambiorige
726 1982 849 2052 ageret.

117 2095 192 2139 cum
209 2081 301 2137 extra
317 2076 518 2136 munitiones
534 2081 661 2154 egressi
676 2085 798 2150 essent,
812 2083 869 2138 rex
881 2077 1093 2140 confirmavit

127 2180 300 2242 universos
332 2179 546 2241 constituisse
569 2185 610 2240 eo
632 2177 706 2259 ipso
737 2179 791 2241 die
813 2180 925 2243 omnia
955 2181 1092 2245 hiberna

102 2284 140 2346 ris
171 2283 269 2345 simul
303 2289 511 2364 oppugnare,
544 2289 588 2344 ne
621 2302 687 2364 qua
720 2283 808 2364 legio
843 2285 939 2348 alteri
969 2285 1092 2367 legioni

102 2481 140 2520 ere
155 2481 310 2531 numerous,
323 2464 380 2517 and
394 2481 468 2518 more
482 2481 514 2518 or
625 2478 650 2527 5.
678 2469 732 2530 qui
759 2469 822 2532 spe:
854 2466 901 2520 the
927 2482 1002 2519 same
1027 2482 1091 2520 con-

102 2545 247 2614 lependent
265 2545 296 2598 of
313 2562 366 2599 one
385 2545 510 2599 another.
563 2543 697 2598 struction
730 2562 761 2599 as
792 2545 856 2599 with
891 2548 992 2598 desisto
1026 2547 1089 2616 (ag.

102 2625 161 2695 ling
180 2625 224 2678 his
241 2625 315 2679 force
330 2625 371 2679 for
387 2625 433 2680 tho
446 2625 512 2678 win·
563 2643 590 2694 p.
609 2640 665 2696 119,
679 2626 696 2678 l.
713 2625 762 2694 3);
783 2626 915 2680 translate
927 2625 1018 2695 freely.

102 2723 145 2758 vas
164 2707 287 2760 Caesar's
307 2706 376 2771 idea,
396 2706 424 2758 in
444 2705 512 2759 view
624 2722 648 2770 7.
676 2711 787 2759 castris:
827 2706 869 2760 ior
889 2710 1014 2777 syntax,
1052 2705 1088 2762 cf.

102 2795 194 2856 scanty
213 2804 301 2856 crops,
318 2795 346 2840 to
366 2786 510 2840 distribute
562 2803 589 2855 p.
611 2787 652 2855 58,
671 2785 689 2838 l.
714 2801 755 2838 12.

102 2867 169 2936 dely
178 2867 245 2920 than
260 2869 336 2920 usual
350 2885 452 2938 among
464 2868 510 2921 the
623 2873 647 2918 8.
675 2871 735 2919 eis:
756 2884 828 2920 men.

102 2947 171 3001 ribes
184 2949 232 3001 the
244 2949 349 3002 burden
360 2948 391 3002 of
401 2949 511 3018 supply·
623 2950 648 3012 9'.
675 2950 722 3001 C.:
745 2949 786 2999 tle.
809 2951 889 3002 caius
914 2949 1090 3020 (Garios).-

102 3027 171 3099 grain
179 3028 286 3082 needed
294 3029 379 3098 byhis
386 3029 510 3083 soldiers.
561 3043 642 3094 eques
655 3031 807 3081 Romanus:
827 3047 845 3081 a
858 3031 967 3082 Roman
984 3030 1089 3100 lenam

102 3124 155 3160 un:
175 3110 273 3163 causal.
561 3110 602 3162 alc.
618 3125 634 3161 a
647 3108 769 3163 member
781 3107 813 3162 of
827 3109 874 3162 the
888 3109 990 3164 middle
1009 3110 1090 3164 order

102 3191 240 3256 mginqua:
278 3190 332 3244 this
365 3190 511 3260 particular
560 3188 590 3242 in
603 3189 650 3243 the
663 3192 772 3243 Roman
784 3196 864 3242 state.

104 3273 159 3325 No.
181 3286 257 3336 4011
280 3272 327 3325 the
353 3271 429 3340 map)
456 3289 509 3325 was
607 3285 647 3322 ιο.
674 3273 719 3339 Q.:
740 3271 784 3322 τῖε.
800 3272 924 3338 Quintus.

104 3351 189 3406 about
211 3361 265 3405 two
285 3352 410 3405 hundred
431 3352 509 3406 miles
607 3369 647 3402 12.
673 3354 734 3402 rex:
753 3351 798 3403 ia.
813 3352 960 3402 Ambiorix.

102 3433 215 3487 :aesara
253 3432 448 3501 headquarters
481 3441 510 3486 at
606 3450 646 3495 1³·
672 3432 826 3484 universis:
869 3429 960 3501 freely,
992 3447 1090 3501 gener·

102 3513 183 3567 briva.
203 3526 206 3532 ·
560 3511 633 3580 allyy
652 3511 692 3565 lit.
707 3511 798 3566 what?

102 3598 195 3648 ostris:
216 3592 509 3663 thestorybeingtold
597 3611 637 3656 14·
664 3597 697 3645 ne
726 3608 793 3659 qua:
825 3607 855 3644 so
882 3591 945 3644 that
969 3609 1022 3657 no,·
1054 3591 1088 3646 et'.

102 3692 124 3729 te
152 3673 231 3744 point
256 3672 288 3726 of
311 3673 379 3727 view
403 3673 435 3727 oi
462 3672 510 3726 the
561 3672 607 3726 the
627 3681 692 3726 note
711 3690 747 3728 on
772 3674 845 3739 quid,
866 3689 893 3740 p.
919 3671 998 3740 56,1.
1023 3686 1086 3723 1.-
1159 3719 1163 3727 .

102 3773 115 3808 t.
560 3754 646 3818 legio:
677 3753 764 3822 legz'on
792 3752 824 3806 {a
847 3750 923 3821 body
947 3750 978 3806 oi
1004 3751 1089 3807 about
