2700 4186
157 251 199 311 44
483 234 597 290 Frasr
622 233 744 290 uATuu
771 234 935 291 Runnun

158 413 334 496 agricolae,
360 424 418 497 qui
439 421 460 477 a
483 414 624 496 pueritia
648 435 740 478 arma
762 415 852 479 ferre
875 415 964 479 soliti
985 425 1091 492 erant,
1111 413 1262 498 undique

159 518 270 582 statim
286 525 534 595 convenerunt;
568 519 810 602 Germanisque
827 527 951 601 magno
967 539 1042 582 cum
1059 520 1263 582 detrimento

158 623 266 686 exilia
282 625 452 704 provincia
468 623 639 687 discedere
655 631 788 700 coactis,
805 626 1040 706 imperatorem
1056 623 1166 706 ipsum
1183 645 1264 688 mox

157 727 317 791 acerrime
347 728 456 791 adorti
484 737 563 791 sunt
593 727 796 805 Americani,
820 736 961 812 quorum
991 728 1025 791 in
1049 727 1120 792 dies
1143 730 1262 811 copiae

133 832 298 902 smaiores
315 832 451 897 fiebant.

203 936 279 1020 Quo
302 937 428 1020 proelio
451 937 530 1001 victi
553 939 676 1015 hostes
699 946 756 1022 qui
777 939 844 1002 iam
867 938 1022 1002 omnibus
1045 959 1087 1002 ex
1110 938 1262 1020 partibus

157 1040 404 1120 obsidebantur,
436 1043 471 1105 in
503 1043 675 1108 Canadam
706 1044 814 1108 redire
845 1051 952 1127 primo
982 1043 1108 1106 frustra
1133 1051 1260 1119 conati,

158 1153 327 1226 postremo
350 1146 561 1210 Americanis
583 1149 618 1210 in
642 1147 843 1211 deditionem
866 1155 1038 1211 venerunt.
1090 1147 1178 1210 Tum
1202 1154 1260 1210 sci-

157 1248 234 1313 licet
262 1250 372 1314 coloni
400 1258 517 1314 omnes
540 1252 712 1314 ecfrenati?
734 1250 937 1333 gaudebant,
963 1251 1052 1334 quod
1076 1250 1261 1332 periculum

120 1353 337 1416 romaximum
360 1353 523 1435 effugisse
545 1354 753 1418 videbantur.
810 1355 878 1419 Sed
902 1355 981 1418 alibi
1003 1355 1117 1417 hostes
1140 1356 1262 1416 acriter

157 1456 320 1538 gerebant
330 1455 475 1535 bellum;
498 1456 593 1521 cuius
609 1465 748 1522 eventus
764 1459 873 1521 adhoc
890 1461 1032 1521 maxime
1044 1457 1167 1520 dubius
1178 1465 1260 1520 erat.

583 1761 768 1828 LESSON
799 1778 842 1844 39

597 1940 707 2025 Valley
728 1941 831 2026 Forge

203 2108 294 2172 Dum
315 2118 478 2189 geruntur
497 2108 590 2184 haec,
607 2109 650 2171 de
669 2109 788 2190 quibus
808 2110 908 2173 modo
924 2108 1000 2184 dixi,
1019 2107 1171 2172 Britanni
1187 2108 1262 2170 Phi-

158 2211 361 2294 ladelphiam
377 2219 574 2295 oppugnare
590 2212 764 2294 parabant,
782 2233 868 2294 quae
887 2213 966 2275 urbs
983 2222 1053 2275 turn
1071 2220 1144 2274 erat
1160 2222 1264 2292 caput

159 2325 206 2378 rei
231 2314 384 2397 publicae
407 2316 641 2379 Americanae.
699 2316 800 2380 Unde
823 2317 999 2397 Vasingto,
1024 2316 1118 2378 cuius
1143 2317 1263 2397 copiae

120 2440 147 2494 ις
158 2427 298 2482 numero
321 2429 418 2483 erant
441 2421 546 2483 multo
568 2421 752 2496 inferiores,
771 2421 885 2483 hostes
909 2421 1001 2483 nullo
1024 2421 1125 2482 modo
1147 2426 1263 2482 arcere

159 2533 303 2605 poterat3
328 2531 431 2606 quare
459 2531 595 2587 senatus
623 2525 665 2585 ad
693 2522 783 2585 aliud
811 2523 971 2605 oppidum
1000 2530 1037 2585 se
1062 2523 1197 2604 recepit,
1222 2541 1263 2585 ac

160 2627 390 2710 Philadelphia
407 2629 500 2690 nulio
516 2628 721 2691 defendente
737 2634 757 2689 ἰ
774 2628 943 2691 Britannis
958 2637 1059 2710 capta
1075 2635 1135 2690 est.

109 2829 115 2860 r
219 2827 244 2874 ⁴·
271 2809 386 2861 indies:
398 2809 481 2881 srom
493 2809 549 2878 day
560 2815 588 2862 to
598 2809 663 2878 day.
781 2826 821 2872 13.
848 2824 917 2874 quae
928 2811 1009 2862 urbs:
1027 2807 1074 2862 tlte
1087 2805 1264 2877 citywhickg

219 2896 245 2942 6.
270 2891 395 2943 omnibus
420 2904 454 2941 ex
478 2892 617 2956 partibus:
648 2906 684 2943 on
735 2888 776 2943 lit.
790 2889 880 2944 what?

157 2971 200 3025 all
208 2971 287 3024 sides.
781 2986 822 3034 15.
848 2974 973 3023 numeri:
1016 2967 1059 3023 sor
1088 2977 1196 3038 syntax,
1228 2966 1263 3022 cf.

219 3058 245 3103 8.
271 3052 453 3105 Americinis:
474 3051 531 3105 dat.
545 3068 617 3106 case.
735 3054 834 3118 animo,
850 3069 878 3121 p.
898 3065 940 3122 37,
954 3049 972 3104 1.
986 3065 1029 3103 20.
1040 3052 1183 3102 —multor
1200 3048 1260 3119 (by)

189 3188 190 3191 ,
220 3149 245 3195 9.
271 3135 357 3197 quod:
378 3131 564 3203 conjunction.
734 3132 821 3186 much.

204 3231 243 3265 ro.
270 3214 447 3266 videbantur:
479 3231 518 3268 sc.
548 3214 610 3280 sibi,
637 3215 682 3266 ie.
781 3220 821 3266 16.
848 3215 975 3265 sonitus:
999 3212 1141 3281 Congress.

157 3294 219 3362 they
234 3295 340 3347 seemed
354 3300 382 3347 to
396 3294 570 3360 themelves3
592 3293 684 3364 freely,
781 3311 823 3359 1⁷·
849 3297 937 3346 nirllri:
958 3291 1107 3363 supplying
1120 3291 1168 3344 the
1184 3289 1263 3344 miss·

158 3374 219 3443 they
230 3373 345 3444 thought
355 3374 417 3428 that
429 3375 497 3443 they,
510 3383 563 3430 etc.
736 3375 785 3446 ing
808 3373 861 3428 abl.
887 3374 918 3428 of
940 3376 1026 3426 nemo.
1038 3404 1073 3414 -
1083 3372 1260 3424 defendente:

204 3473 245 3507 ιι.
271 3457 415 3521 gerebant:
442 3465 507 3510 note
526 3444 573 3509 tire
594 3464 684 3509 tense.
736 3474 776 3510 sc.
817 3471 877 3507 eam
916 3456 975 3524 (tle.
1013 3452 1262 3520 philadelphiam).

157 3537 320 3588 —maxime
336 3539 448 3589 dubius:
469 3536 505 3607 by
522 3536 569 3590 the
586 3536 685 3606 prefix·
737 3538 792 3590 For
814 3536 861 3590 the
880 3553 951 3605 pres.
972 3543 1051 3605 part,
1069 3533 1155 3604 being
1174 3532 1262 3586 active

159 3616 207 3688 ing
220 3616 252 3670 of
260 3619 386 3685 maxime,
397 3635 433 3670 an
445 3616 500 3687 adj.
516 3621 562 3688 (or
572 3618 648 3688 adv.)
661 3616 685 3670 is
736 3616 765 3671 in
786 3617 923 3686 meaning,
942 3633 1004 3685 may
1024 3615 1086 3668 take
1111 3631 1147 3666 an
1171 3612 1263 3683 object

159 3697 249 3751 raised
262 3705 291 3752 ‘o
304 3697 351 3753 the
364 3698 526 3767 superlative
539 3697 648 3770 degree.
737 3714 805 3751 even
827 3696 907 3749 when
927 3696 1003 3759 used,
1023 3712 1054 3747 as
1074 3694 1147 3759 here,
1167 3693 1197 3747 in
1216 3692 1262 3747 the

205 3795 246 3830 ιι.
272 3781 353 3833 haec:
373 3786 446 3831 neut.
459 3778 495 3848 pl.
737 3777 794 3831 abi.
807 3776 897 3831 absol.
911 3774 1108 3830 construction.
