<?xml version="1.0" encoding="UTF-8"?>
<!DOCTYPE html PUBLIC "-//W3C//DTD XHTML 1.0 Transitional//EN"
    "http://www.w3.org/TR/xhtml1/DTD/xhtml1-transitional.dtd">
<html xmlns="http://www.w3.org/1999/xhtml" xml:lang="en" lang="en">
 <head>
  <title>
</title>
<meta http-equiv="Content-Type" content="text/html;charset=utf-8" />
  <meta name='ocr-system' content='tesseract 3.04.00' />
  <meta name='ocr-capabilities' content='ocr_page ocr_carea ocr_par ocr_line ocrx_word'/>
</head>
<body>
  <div class='ocr_page' id='page_1' title='image "./afirstlatinread00nuttgoog_0094.png"; bbox 0 0 2700 4186; ppageno 0'>
   <div class='ocr_carea' id='block_1_1' title="bbox 453 245 1251 330">
    <p class='ocr_par' dir='ltr' id='par_1_1' title="bbox 453 245 1251 330">
     <span class='ocr_line' id='line_1_1' title="bbox 453 245 1251 330; baseline 0.009 -31"><span class='ocrx_word' id='word_1_1' title='bbox 453 245 590 302; x_wconf 66' lang='lat' dir='ltr'>,alass</span> <span class='ocrx_word' id='word_1_2' title='bbox 615 247 737 303; x_wconf 75' lang='lat' dir='ltr'>mam</span> <span class='ocrx_word' id='word_1_3' title='bbox 764 246 928 304; x_wconf 72' lang='lat' dir='ltr'>asanaa</span> <span class='ocrx_word' id='word_1_4' title='bbox 1214 265 1251 330; x_wconf 81' lang='lat'>73</span> 
     </span>
    </p>
   </div>
   <div class='ocr_carea' id='block_1_2' title="bbox 150 426 1253 715">
    <p class='ocr_par' dir='ltr' id='par_1_2' title="bbox 150 426 1253 715">
     <span class='ocr_line' id='line_1_2' title="bbox 154 426 1253 507; baseline 0.004 -20"><span class='ocrx_word' id='word_1_5' title='bbox 154 437 236 488; x_wconf 81' lang='lat' dir='ltr'>runt.</span> <span class='ocrx_word' id='word_1_6' title='bbox 286 427 394 489; x_wconf 78' lang='lat' dir='ltr'>Puera</span> <span class='ocrx_word' id='word_1_7' title='bbox 418 436 465 488; x_wconf 85' lang='lat' dir='ltr'>sic</span> <span class='ocrx_word' id='word_1_8' title='bbox 488 433 634 507; x_wconf 81' lang='lat' dir='ltr'>recepta,</span> <span class='ocrx_word' id='word_1_9' title='bbox 659 426 788 507; x_wconf 73' lang='lat' dir='ltr'>lagatus</span> <span class='ocrx_word' id='word_1_10' title='bbox 813 433 897 488; x_wconf 80' lang='lat' dir='ltr'>sicas</span> <span class='ocrx_word' id='word_1_11' title='bbox 921 427 1013 490; x_wconf 85' lang='lat' dir='ltr'>dedit</span> <span class='ocrx_word' id='word_1_12' title='bbox 1036 436 1083 491; x_wconf 84' lang='lat' dir='ltr'>eis</span> <span class='ocrx_word' id='word_1_13' title='bbox 1110 429 1210 502; x_wconf 87' lang='lat' dir='ltr'>Indis,</span> <span class='ocrx_word' id='word_1_14' title='bbox 1234 437 1253 491; x_wconf 86' lang='lat' dir='ltr'>a</span> 
     </span>
     <span class='ocr_line' id='line_1_3' title="bbox 151 530 1252 612; baseline 0.004 -21"><span class='ocrx_word' id='word_1_15' title='bbox 151 530 270 611; x_wconf 93' lang='lat' dir='ltr'>quibus</span> <span class='ocrx_word' id='word_1_16' title='bbox 287 530 341 592; x_wconf 91' lang='lat' dir='ltr'>ille</span> <span class='ocrx_word' id='word_1_17' title='bbox 358 537 509 593; x_wconf 88' lang='lat' dir='ltr'>servatus</span> <span class='ocrx_word' id='word_1_18' title='bbox 526 541 605 593; x_wconf 88' lang='lat' dir='ltr'>erat.</span> <span class='ocrx_word' id='word_1_19' title='bbox 655 530 794 592; x_wconf 87' lang='lat' dir='ltr'>Barbari</span> <span class='ocrx_word' id='word_1_20' title='bbox 810 531 935 592; x_wconf 86' lang='lat' dir='ltr'>scilicet</span> <span class='ocrx_word' id='word_1_21' title='bbox 952 531 1048 592; x_wconf 76' lang='lat' dir='ltr'>danis</span> <span class='ocrx_word' id='word_1_22' title='bbox 1064 540 1132 592; x_wconf 89' lang='lat' dir='ltr'>tam</span> <span class='ocrx_word' id='word_1_23' title='bbox 1149 539 1252 612; x_wconf 85' lang='lat' dir='ltr'>gratis</span> 
     </span>
     <span class='ocr_line' id='line_1_4' title="bbox 150 633 982 715; baseline 0 -21"><span class='ocrx_word' id='word_1_24' title='bbox 150 633 352 715; x_wconf 61' lang='lat' dir='ltr'>gaudebant,</span> <span class='ocrx_word' id='word_1_25' title='bbox 371 653 454 714; x_wconf 89' lang='lat' dir='ltr'>puer</span> <span class='ocrx_word' id='word_1_26' title='bbox 470 642 581 698; x_wconf 89' lang='lat' dir='ltr'>autem</span> <span class='ocrx_word' id='word_1_27' title='bbox 598 633 733 696; x_wconf 90' lang='lat' dir='ltr'>domum</span> <span class='ocrx_word' id='word_1_28' title='bbox 750 633 905 695; x_wconf 85' lang='lat' dir='ltr'>reductus</span> <span class='ocrx_word' id='word_1_29' title='bbox 923 641 982 695; x_wconf 89' lang='lat' dir='ltr'>est.</span> 
     </span>
    </p>
   </div>
   <div class='ocr_carea' id='block_1_3' title="bbox 576 941 831 1018">
    <p class='ocr_par' dir='ltr' id='par_1_3' title="bbox 576 941 831 1018">
     <span class='ocr_line' id='line_1_5' title="bbox 576 941 831 1018; baseline 0 -16"><span class='ocrx_word' id='word_1_30' title='bbox 576 941 759 1005; x_wconf 88' lang='lat' dir='ltr'>LESSON</span> <span class='ocrx_word' id='word_1_31' title='bbox 790 941 831 1018; x_wconf 83' lang='lat'>63</span> 
     </span>
    </p>
   </div>
   <div class='ocr_carea' id='block_1_4' title="bbox 484 1124 928 1214">
    <p class='ocr_par' dir='ltr' id='par_1_4' title="bbox 484 1124 928 1214">
     <span class='ocr_line' id='line_1_6' title="bbox 484 1124 928 1214; baseline 0.005 -28"><span class='ocrx_word' id='word_1_32' title='bbox 484 1125 549 1186; x_wconf 79' lang='lat' dir='ltr'>The</span> <span class='ocrx_word' id='word_1_33' title='bbox 571 1124 744 1214; x_wconf 6' lang='lat' dir='ltr'>Battlewqf</span> <span class='ocrx_word' id='word_1_34' title='bbox 763 1125 928 1208; x_wconf 82' lang='lat' dir='ltr'>Saratoga</span> 
     </span>
    </p>
   </div>
   <div class='ocr_carea' id='block_1_5' title="bbox 98 1285 1319 2922">
    <p class='ocr_par' dir='ltr' id='par_1_5' title="bbox 98 1285 1319 2922">
     <span class='ocr_line' id='line_1_7' title="bbox 195 1285 1319 1370; baseline 0.001 -21"><span class='ocrx_word' id='word_1_35' title='bbox 195 1286 304 1367; x_wconf 86' lang='lat' dir='ltr'>Saepe</span> <span class='ocrx_word' id='word_1_36' title='bbox 322 1294 382 1368; x_wconf 76' lang='lat' dir='ltr'>pra</span> <span class='ocrx_word' id='word_1_37' title='bbox 398 1286 506 1368; x_wconf 87' lang='lat' dir='ltr'>patria</span> <span class='ocrx_word' id='word_1_38' title='bbox 521 1285 701 1347; x_wconf 73' lang='lat' dir='ltr'>fortissima</span> <span class='ocrx_word' id='word_1_39' title='bbox 721 1286 883 1366; x_wconf 84' lang='lat' dir='ltr'>pugnavit</span> <span class='ocrx_word' id='word_1_40' title='bbox 903 1286 964 1349; x_wconf 89' lang='lat' dir='ltr'>iste</span> <span class='ocrx_word' id='word_1_41' title='bbox 986 1288 1179 1363; x_wconf 88' lang='lat' dir='ltr'>Arnoldius,</span> <span class='ocrx_word' id='word_1_42' title='bbox 1196 1298 1254 1370; x_wconf 82' lang='lat' dir='ltr'>qut</span> <span class='ocrx_word' id='word_1_43' title='bbox 1318 1322 1319 1327; x_wconf 19' lang='grc' dir='ltr'><strong>κ</strong></span> 
     </span>
     <span class='ocr_line' id='line_1_8' title="bbox 120 1389 1250 1470; baseline 0.003 -20"><span class='ocrx_word' id='word_1_44' title='bbox 120 1400 136 1456; x_wconf 77' lang='lat' dir='ltr'>s</span> <span class='ocrx_word' id='word_1_45' title='bbox 153 1395 267 1468; x_wconf 88' lang='lat' dir='ltr'>postea</span> <span class='ocrx_word' id='word_1_46' title='bbox 285 1391 451 1451; x_wconf 81' lang='lat' dir='ltr'>Britannis</span> <span class='ocrx_word' id='word_1_47' title='bbox 468 1389 609 1470; x_wconf 78' lang='lat' dir='ltr'>pradere</span> <span class='ocrx_word' id='word_1_48' title='bbox 626 1395 764 1451; x_wconf 80' lang='lat' dir='ltr'>canatus</span> <span class='ocrx_word' id='word_1_49' title='bbox 780 1401 832 1451; x_wconf 90' lang='lat' dir='ltr'>est</span> <span class='ocrx_word' id='word_1_50' title='bbox 847 1410 887 1451; x_wconf 90' lang='lat' dir='ltr'>ea</span> <span class='ocrx_word' id='word_1_51' title='bbox 899 1400 1008 1452; x_wconf 88' lang='lat' dir='ltr'>castra</span> <span class='ocrx_word' id='word_1_52' title='bbox 1023 1392 1250 1465; x_wconf 82' lang='lat' dir='ltr'>manitissima,</span> 
     </span>
     <span class='ocr_line' id='line_1_9' title="bbox 152 1491 1251 1573; baseline 0.003 -21"><span class='ocrx_word' id='word_1_53' title='bbox 152 1510 235 1573; x_wconf 92' lang='lat' dir='ltr'>quae</span> <span class='ocrx_word' id='word_1_54' title='bbox 260 1491 294 1553; x_wconf 94' lang='lat' dir='ltr'>in</span> <span class='ocrx_word' id='word_1_55' title='bbox 311 1499 385 1572; x_wconf 51' lang='lat' dir='ltr'>‚ripa</span> <span class='ocrx_word' id='word_1_56' title='bbox 402 1491 546 1555; x_wconf 82' lang='lat' dir='ltr'>flaminis</span> <span class='ocrx_word' id='word_1_57' title='bbox 567 1492 741 1554; x_wconf 75' lang='lat' dir='ltr'>Hudsanis</span> <span class='ocrx_word' id='word_1_58' title='bbox 761 1492 870 1573; x_wconf 89' lang='lat' dir='ltr'>posita</span> <span class='ocrx_word' id='word_1_59' title='bbox 890 1503 987 1554; x_wconf 93' lang='lat' dir='ltr'>sunt:</span> <span class='ocrx_word' id='word_1_60' title='bbox 1019 1503 1053 1555; x_wconf 88' lang='lat' dir='ltr'>et</span> <span class='ocrx_word' id='word_1_61' title='bbox 1072 1501 1137 1555; x_wconf 77' lang='lat' dir='ltr'>nan</span> <span class='ocrx_word' id='word_1_62' title='bbox 1156 1514 1251 1555; x_wconf 90' lang='lat' dir='ltr'>num-</span> 
     </span>
     <span class='ocr_line' id='line_1_10' title="bbox 152 1594 1251 1677; baseline 0.003 -21"><span class='ocrx_word' id='word_1_63' title='bbox 152 1615 248 1676; x_wconf 88' lang='lat' dir='ltr'>quam</span> <span class='ocrx_word' id='word_1_64' title='bbox 283 1595 382 1657; x_wconf 89' lang='lat' dir='ltr'>etiam</span> <span class='ocrx_word' id='word_1_65' title='bbox 408 1596 508 1657; x_wconf 82' lang='lat' dir='ltr'>saluti</span> <span class='ocrx_word' id='word_1_66' title='bbox 534 1594 661 1657; x_wconf 87' lang='lat' dir='ltr'>civibus</span> <span class='ocrx_word' id='word_1_67' title='bbox 692 1605 760 1657; x_wconf 81' lang='lat' dir='ltr'>suis</span> <span class='ocrx_word' id='word_1_68' title='bbox 789 1596 873 1671; x_wconf 81' lang='lat' dir='ltr'>fuit3</span> <span class='ocrx_word' id='word_1_69' title='bbox 913 1605 1089 1677; x_wconf 87' lang='lat' dir='ltr'>tantopere</span> <span class='ocrx_word' id='word_1_70' title='bbox 1116 1597 1203 1659; x_wconf 91' lang='lat' dir='ltr'>enim</span> <span class='ocrx_word' id='word_1_71' title='bbox 1231 1605 1251 1659; x_wconf 91' lang='lat' dir='ltr'>a</span> 
     </span>
     <span class='ocr_line' id='line_1_11' title="bbox 152 1698 1250 1781; baseline 0.005 -23"><span class='ocrx_word' id='word_1_72' title='bbox 152 1698 306 1761; x_wconf 88' lang='lat' dir='ltr'>militibus</span> <span class='ocrx_word' id='word_1_73' title='bbox 330 1699 510 1773; x_wconf 84' lang='lat' dir='ltr'>amabatur,</span> <span class='ocrx_word' id='word_1_74' title='bbox 529 1709 565 1761; x_wconf 91' lang='lat' dir='ltr'>ut</span> <span class='ocrx_word' id='word_1_75' title='bbox 588 1701 662 1781; x_wconf 80' lang='lat' dir='ltr'>ipsa</span> <span class='ocrx_word' id='word_1_76' title='bbox 686 1700 832 1762; x_wconf 78' lang='lat' dir='ltr'>adventa</span> <span class='ocrx_word' id='word_1_77' title='bbox 858 1707 917 1762; x_wconf 82' lang='lat' dir='ltr'>sua</span> <span class='ocrx_word' id='word_1_78' title='bbox 941 1700 983 1762; x_wconf 91' lang='lat' dir='ltr'>ad</span> <span class='ocrx_word' id='word_1_79' title='bbox 998 1699 1169 1762; x_wconf 76' lang='lat' dir='ltr'>victariam</span> <span class='ocrx_word' id='word_1_80' title='bbox 1193 1710 1250 1764; x_wconf 81' lang='lat' dir='ltr'>eas</span> 
     </span>
     <span class='ocr_line' id='line_1_12' title="bbox 149 1800 421 1883; baseline 0.007 -20"><span class='ocrx_word' id='word_1_81' title='bbox 149 1800 285 1864; x_wconf 87' lang='lat' dir='ltr'>incitare</span> <span class='ocrx_word' id='word_1_82' title='bbox 302 1813 421 1883; x_wconf 87' lang='lat' dir='ltr'>posset.</span> 
     </span>
     <span class='ocr_line' id='line_1_13' title="bbox 98 1890 1249 1990; baseline 0.01 -28"><span class='ocrx_word' id='word_1_83' title='bbox 98 1925 133 1962; x_wconf 83' lang='lat'><em>0</em></span> <span class='ocrx_word' id='word_1_84' title='bbox 192 1890 281 1970; x_wconf 74' lang='lat' dir='ltr'>Olim</span> <span class='ocrx_word' id='word_1_85' title='bbox 300 1906 492 1988; x_wconf 76' lang='lat' dir='ltr'>Saratagae,</span> <span class='ocrx_word' id='word_1_86' title='bbox 510 1928 585 1970; x_wconf 91' lang='lat' dir='ltr'>cum</span> <span class='ocrx_word' id='word_1_87' title='bbox 602 1909 673 1971; x_wconf 89' lang='lat' dir='ltr'>eius</span> <span class='ocrx_word' id='word_1_88' title='bbox 692 1908 843 1971; x_wconf 77' lang='lat' dir='ltr'>ardinem</span> <span class='ocrx_word' id='word_1_89' title='bbox 862 1908 1042 1972; x_wconf 77' lang='lat' dir='ltr'>ademisset</span> <span class='ocrx_word' id='word_1_90' title='bbox 1061 1908 1249 1990; x_wconf 84' lang='lat' dir='ltr'>imperator,</span> 
     </span>
     <span class='ocr_line' id='line_1_14' title="bbox 150 2010 1250 2095; baseline 0.004 -23"><span class='ocrx_word' id='word_1_91' title='bbox 150 2017 290 2091; x_wconf 78' lang='lat' dir='ltr'>quacum</span> <span class='ocrx_word' id='word_1_92' title='bbox 308 2010 509 2073; x_wconf 74' lang='lat' dir='ltr'>simultatem</span> <span class='ocrx_word' id='word_1_93' title='bbox 530 2012 676 2093; x_wconf 63' lang='lat' dir='ltr'>gerebat,</span> <span class='ocrx_word' id='word_1_94' title='bbox 694 2013 759 2088; x_wconf 87' lang='lat' dir='ltr'>ille,</span> <span class='ocrx_word' id='word_1_95' title='bbox 777 2021 859 2074; x_wconf 76' lang='lat' dir='ltr'>sona</span> <span class='ocrx_word' id='word_1_96' title='bbox 881 2013 998 2095; x_wconf 86' lang='lat' dir='ltr'>proelii</span> <span class='ocrx_word' id='word_1_97' title='bbox 1016 2013 1058 2075; x_wconf 87' lang='lat' dir='ltr'>ad</span> <span class='ocrx_word' id='word_1_98' title='bbox 1078 2021 1174 2075; x_wconf 79' lang='lat' dir='ltr'>auras</span> <span class='ocrx_word' id='word_1_99' title='bbox 1193 2015 1250 2076; x_wconf 93' lang='lat' dir='ltr'>ad-</span> 
     </span>
     <span class='ocr_line' id='line_1_15' title="bbox 105 2112 1248 2198; baseline 0.003 -23"><span class='ocrx_word' id='word_1_100' title='bbox 105 2168 120 2185; x_wconf 74' lang='lat'>,</span> <span class='ocrx_word' id='word_1_101' title='bbox 150 2112 223 2189; x_wconf 79' lang='lat' dir='ltr'>lata,</span> <span class='ocrx_word' id='word_1_102' title='bbox 251 2115 385 2196; x_wconf 83' lang='lat' dir='ltr'>“Eg0,’&#39;</span> <span class='ocrx_word' id='word_1_103' title='bbox 410 2115 525 2197; x_wconf 90' lang='lat' dir='ltr'>inquit,</span> <span class='ocrx_word' id='word_1_104' title='bbox 548 2122 605 2179; x_wconf 86' lang='lat' dir='ltr'>“si</span> <span class='ocrx_word' id='word_1_105' title='bbox 627 2117 694 2178; x_wconf 87' lang='lat' dir='ltr'>dux</span> <span class='ocrx_word' id='word_1_106' title='bbox 716 2137 790 2179; x_wconf 89' lang='lat' dir='ltr'>esse</span> <span class='ocrx_word' id='word_1_107' title='bbox 813 2124 881 2178; x_wconf 81' lang='lat' dir='ltr'>nan</span> <span class='ocrx_word' id='word_1_108' title='bbox 904 2137 1051 2198; x_wconf 89' lang='lat' dir='ltr'>possum,</span> <span class='ocrx_word' id='word_1_109' title='bbox 1074 2127 1109 2179; x_wconf 91' lang='lat' dir='ltr'>at</span> <span class='ocrx_word' id='word_1_110' title='bbox 1132 2118 1248 2181; x_wconf 87' lang='lat' dir='ltr'>saltem</span> 
     </span>
     <span class='ocr_line' id='line_1_16' title="bbox 150 2218 1248 2302; baseline 0.005 -23"><span class='ocrx_word' id='word_1_111' title='bbox 150 2218 363 2300; x_wconf 76' lang='lat' dir='ltr'>manipularis</span> <span class='ocrx_word' id='word_1_112' title='bbox 387 2220 493 2294; x_wconf 78' lang='lat' dir='ltr'>era;&#39;&#39;</span> <span class='ocrx_word' id='word_1_113' title='bbox 518 2240 603 2301; x_wconf 88' lang='lat' dir='ltr'>quae</span> <span class='ocrx_word' id='word_1_114' title='bbox 627 2241 702 2283; x_wconf 88' lang='lat' dir='ltr'>cum</span> <span class='ocrx_word' id='word_1_115' title='bbox 726 2221 871 2295; x_wconf 84' lang='lat' dir='ltr'>dixisset,</span> <span class='ocrx_word' id='word_1_116' title='bbox 889 2220 1016 2283; x_wconf 82' lang='lat' dir='ltr'>iniussa</span> <span class='ocrx_word' id='word_1_117' title='bbox 1040 2223 1248 2302; x_wconf 70' lang='lat' dir='ltr'>imperaturis</span> 
     </span>
     <span class='ocr_line' id='line_1_17' title="bbox 149 2323 1248 2407; baseline 0.005 -25"><span class='ocrx_word' id='word_1_118' title='bbox 149 2339 267 2404; x_wconf 91' lang='lat' dir='ltr'>equum</span> <span class='ocrx_word' id='word_1_119' title='bbox 285 2323 479 2386; x_wconf 79' lang='lat' dir='ltr'>canscendit</span> <span class='ocrx_word' id='word_1_120' title='bbox 494 2325 729 2407; x_wconf 76' lang='lat' dir='ltr'>celerrimaque</span> <span class='ocrx_word' id='word_1_121' title='bbox 745 2324 778 2386; x_wconf 94' lang='lat' dir='ltr'>in</span> <span class='ocrx_word' id='word_1_122' title='bbox 792 2324 955 2406; x_wconf 89' lang='lat' dir='ltr'>proelium</span> <span class='ocrx_word' id='word_1_123' title='bbox 966 2335 1083 2387; x_wconf 88' lang='lat' dir='ltr'>vectus</span> <span class='ocrx_word' id='word_1_124' title='bbox 1099 2335 1168 2387; x_wconf 88' lang='lat' dir='ltr'>est:</span> <span class='ocrx_word' id='word_1_125' title='bbox 1193 2326 1248 2388; x_wconf 90' lang='lat' dir='ltr'>ubi</span> 
     </span>
     <span class='ocr_line' id='line_1_18' title="bbox 98 2427 1247 2508; baseline 0.002 -19"><span class='ocrx_word' id='word_1_126' title='bbox 98 2437 125 2489; x_wconf 85' lang='grc'><strong>5</strong></span> <span class='ocrx_word' id='word_1_127' title='bbox 149 2427 276 2501; x_wconf 73' lang='lat' dir='ltr'>militas,</span> <span class='ocrx_word' id='word_1_128' title='bbox 302 2427 386 2490; x_wconf 86' lang='lat' dir='ltr'>duee</span> <span class='ocrx_word' id='word_1_129' title='bbox 408 2437 522 2490; x_wconf 87' lang='lat' dir='ltr'>vetere</span> <span class='ocrx_word' id='word_1_130' title='bbox 545 2430 688 2508; x_wconf 76' lang='lat' dir='ltr'>cagnitc&#39;),</span> <span class='ocrx_word' id='word_1_131' title='bbox 713 2429 858 2490; x_wconf 77' lang='lat' dir='ltr'>clamare</span> <span class='ocrx_word' id='word_1_132' title='bbox 885 2427 1016 2491; x_wconf 80' lang='lat' dir='ltr'>sublata</span> <span class='ocrx_word' id='word_1_133' title='bbox 1043 2428 1121 2492; x_wconf 86' lang='lat' dir='ltr'>laeti</span> <span class='ocrx_word' id='word_1_134' title='bbox 1144 2437 1247 2491; x_wconf 83' lang='lat' dir='ltr'>secati</span> 
     </span>
     <span class='ocr_line' id='line_1_19' title="bbox 150 2532 1247 2614; baseline 0.005 -24"><span class='ocrx_word' id='word_1_135' title='bbox 150 2540 233 2605; x_wconf 89' lang='lat' dir='ltr'>sunt,</span> <span class='ocrx_word' id='word_1_136' title='bbox 251 2541 351 2613; x_wconf 89' lang='lat' dir='ltr'>atque</span> <span class='ocrx_word' id='word_1_137' title='bbox 368 2532 530 2614; x_wconf 91' lang='lat' dir='ltr'>impetum</span> <span class='ocrx_word' id='word_1_138' title='bbox 546 2535 706 2596; x_wconf 74' lang='lat' dir='ltr'>acerrima</span> <span class='ocrx_word' id='word_1_139' title='bbox 724 2533 878 2596; x_wconf 61' lang='lat' dir='ltr'>facerunt</span> <span class='ocrx_word' id='word_1_140' title='bbox 893 2533 927 2594; x_wconf 93' lang='lat' dir='ltr'>in</span> <span class='ocrx_word' id='word_1_141' title='bbox 944 2553 1017 2595; x_wconf 92' lang='lat' dir='ltr'>eam</span> <span class='ocrx_word' id='word_1_142' title='bbox 1035 2543 1173 2614; x_wconf 87' lang='lat' dir='ltr'>partem,</span> <span class='ocrx_word' id='word_1_143' title='bbox 1192 2533 1247 2595; x_wconf 91' lang='lat' dir='ltr'>ubi</span> 
     </span>
     <span class='ocr_line' id='line_1_20' title="bbox 150 2632 1247 2700; baseline 0.006 -7"><span class='ocrx_word' id='word_1_144' title='bbox 150 2632 233 2696; x_wconf 75' lang='lat' dir='ltr'>acias</span> <span class='ocrx_word' id='word_1_145' title='bbox 258 2635 402 2697; x_wconf 90' lang='lat' dir='ltr'>hostium</span> <span class='ocrx_word' id='word_1_146' title='bbox 427 2637 672 2700; x_wconf 76' lang='lat' dir='ltr'>canfertissima</span> <span class='ocrx_word' id='word_1_147' title='bbox 693 2647 764 2699; x_wconf 81' lang='lat' dir='ltr'>visa</span> <span class='ocrx_word' id='word_1_148' title='bbox 787 2646 848 2699; x_wconf 90' lang='lat' dir='ltr'>est.</span> <span class='ocrx_word' id='word_1_149' title='bbox 900 2637 951 2699; x_wconf 92' lang='lat' dir='ltr'>Ibi</span> <span class='ocrx_word' id='word_1_150' title='bbox 975 2644 1103 2699; x_wconf 87' lang='lat' dir='ltr'>summa</span> <span class='ocrx_word' id='word_1_151' title='bbox 1126 2639 1247 2700; x_wconf 78' lang='lat' dir='ltr'>virtate</span> 
     </span>
     <span class='ocr_line' id='line_1_21' title="bbox 149 2738 1247 2817; baseline 0.005 -20"><span class='ocrx_word' id='word_1_152' title='bbox 149 2744 301 2817; x_wconf 86' lang='lat' dir='ltr'>pugnans</span> <span class='ocrx_word' id='word_1_153' title='bbox 314 2739 497 2803; x_wconf 88' lang='lat' dir='ltr'>Arnoldius</span> <span class='ocrx_word' id='word_1_154' title='bbox 510 2751 562 2803; x_wconf 91' lang='lat' dir='ltr'>est</span> <span class='ocrx_word' id='word_1_155' title='bbox 573 2741 777 2814; x_wconf 84' lang='lat' dir='ltr'>vulneratus,</span> <span class='ocrx_word' id='word_1_156' title='bbox 790 2738 927 2803; x_wconf 78' lang='lat' dir='ltr'>victaria</span> <span class='ocrx_word' id='word_1_157' title='bbox 940 2751 1050 2803; x_wconf 88' lang='lat' dir='ltr'>autem</span> <span class='ocrx_word' id='word_1_158' title='bbox 1064 2740 1106 2802; x_wconf 90' lang='lat' dir='ltr'>ab</span> <span class='ocrx_word' id='word_1_159' title='bbox 1119 2739 1247 2803; x_wconf 89' lang='lat' dir='ltr'>Ameri-</span> 
     </span>
     <span class='ocr_line' id='line_1_22' title="bbox 148 2845 425 2922; baseline 0.025 -22"><span class='ocrx_word' id='word_1_160' title='bbox 148 2845 237 2902; x_wconf 84' lang='lat' dir='ltr'>cants</span> <span class='ocrx_word' id='word_1_161' title='bbox 253 2851 350 2922; x_wconf 90' lang='lat' dir='ltr'>parta</span> <span class='ocrx_word' id='word_1_162' title='bbox 365 2853 425 2907; x_wconf 92' lang='lat' dir='ltr'>est.</span> 
     </span>
    </p>
   </div>
   <div class='ocr_carea' id='block_1_6' title="bbox 148 3041 1248 3835">
    <p class='ocr_par' dir='ltr' id='par_1_6' title="bbox 206 3041 1248 3112">
     <span class='ocr_line' id='line_1_23' title="bbox 206 3041 1248 3112; baseline 0.006 -23"><span class='ocrx_word' id='word_1_163' title='bbox 206 3055 232 3090; x_wconf 82' lang='lat'>2.</span> <span class='ocrx_word' id='word_1_164' title='bbox 246 3041 308 3093; x_wconf 86' lang='lat' dir='ltr'>ille:</span> <span class='ocrx_word' id='word_1_165' title='bbox 330 3041 454 3112; x_wconf 79' lang='lat' dir='ltr'>theboy.</span> <span class='ocrx_word' id='word_1_166' title='bbox 720 3044 933 3109; x_wconf 70' lang='lat' dir='ltr'>Philadelphum,</span> <span class='ocrx_word' id='word_1_167' title='bbox 971 3061 998 3112; x_wconf 89' lang='lat' dir='ltr'>p.</span> <span class='ocrx_word' id='word_1_168' title='bbox 1034 3042 1076 3107; x_wconf 83' lang='lat'>46,</span> <span class='ocrx_word' id='word_1_169' title='bbox 1119 3043 1135 3095; x_wconf 93' lang='lat' dir='ltr'>l.</span> <span class='ocrx_word' id='word_1_170' title='bbox 1178 3058 1199 3094; x_wconf 88' lang='lat' dir='ltr'>r.</span> <span class='ocrx_word' id='word_1_171' title='bbox 1212 3075 1248 3081; x_wconf 98' lang='lat'>—</span> 
     </span>
    </p>

    <p class='ocr_par' dir='ltr' id='par_1_7' title="bbox 148 3123 1248 3271">
     <span class='ocr_line' id='line_1_24' title="bbox 205 3123 1248 3193; baseline 0 -21"><span class='ocrx_word' id='word_1_172' title='bbox 205 3136 229 3182; x_wconf 80' lang='lat'>3.</span> <span class='ocrx_word' id='word_1_173' title='bbox 245 3123 414 3186; x_wconf 80' lang='lat' dir='ltr'>gaudabant:</span> <span class='ocrx_word' id='word_1_174' title='bbox 437 3140 509 3176; x_wconf 77' lang='lat' dir='ltr'>were</span> <span class='ocrx_word' id='word_1_175' title='bbox 524 3123 666 3193; x_wconf 60' lang='lat' dir='ltr'>deltghted.</span> <span class='ocrx_word' id='word_1_176' title='bbox 720 3124 882 3176; x_wconf 74' lang='lat' dir='ltr'>adamisset:</span> <span class='ocrx_word' id='word_1_177' title='bbox 911 3125 1009 3188; x_wconf 68' lang='lat' dir='ltr'>adimo,</span> <span class='ocrx_word' id='word_1_178' title='bbox 1029 3139 1053 3190; x_wconf 87' lang='lat'>3,</span> <span class='ocrx_word' id='word_1_179' title='bbox 1073 3126 1144 3188; x_wconf 81' lang='lat' dir='ltr'>-ami,</span> <span class='ocrx_word' id='word_1_180' title='bbox 1165 3137 1248 3188; x_wconf 71' lang='lat' dir='ltr'>-emp</span> 
     </span>
     <span class='ocr_line' id='line_1_25' title="bbox 148 3202 963 3271; baseline 0 -16"><span class='ocrx_word' id='word_1_181' title='bbox 148 3207 292 3256; x_wconf 82' lang='lat' dir='ltr'>—autem:</span> <span class='ocrx_word' id='word_1_182' title='bbox 314 3203 381 3255; x_wconf 90' lang='lat' dir='ltr'>omit</span> <span class='ocrx_word' id='word_1_183' title='bbox 394 3202 422 3254; x_wconf 89' lang='lat' dir='ltr'>in</span> <span class='ocrx_word' id='word_1_184' title='bbox 437 3203 606 3257; x_wconf 87' lang='lat' dir='ltr'>translation.</span> <span class='ocrx_word' id='word_1_185' title='bbox 720 3202 773 3268; x_wconf 79' lang='lat' dir='ltr'>tus,</span> <span class='ocrx_word' id='word_1_186' title='bbox 786 3204 849 3255; x_wconf 77' lang='lat' dir='ltr'>take</span> <span class='ocrx_word' id='word_1_187' title='bbox 866 3219 963 3271; x_wconf 65' lang='lat' dir='ltr'>away„</span> 
     </span>
    </p>

    <p class='ocr_par' dir='ltr' id='par_1_8' title="bbox 149 3282 1247 3514">
     <span class='ocr_line' id='line_1_26' title="bbox 205 3282 1244 3353; baseline -0.001 -19"><span class='ocrx_word' id='word_1_188' title='bbox 205 3302 229 3347; x_wconf 85' lang='lat'>4·</span> <span class='ocrx_word' id='word_1_189' title='bbox 257 3285 325 3334; x_wconf 84' lang='lat' dir='ltr'>iste:</span> <span class='ocrx_word' id='word_1_190' title='bbox 345 3282 407 3335; x_wconf 79' lang='lat' dir='ltr'>that</span> <span class='ocrx_word' id='word_1_191' title='bbox 419 3283 462 3349; x_wconf 89' lang='lat' dir='ltr'>(in</span> <span class='ocrx_word' id='word_1_192' title='bbox 473 3283 519 3337; x_wconf 91' lang='lat' dir='ltr'>the</span> <span class='ocrx_word' id='word_1_193' title='bbox 529 3283 669 3353; x_wconf 84' lang='lat' dir='ltr'>disparag·</span> <span class='ocrx_word' id='word_1_194' title='bbox 766 3301 806 3335; x_wconf 88' lang='lat'>11.</span> <span class='ocrx_word' id='word_1_195' title='bbox 845 3287 972 3347; x_wconf 80' lang='lat' dir='ltr'>quacum:</span> <span class='ocrx_word' id='word_1_196' title='bbox 1001 3285 1045 3336; x_wconf 72' lang='lat' dir='ltr'>ae.</span> <span class='ocrx_word' id='word_1_197' title='bbox 1073 3287 1244 3349; x_wconf 79' lang='lat' dir='ltr'>qua÷cum</span> 
     </span>
     <span class='ocr_line' id='line_1_27' title="bbox 149 3360 1247 3433; baseline 0.001 -20"><span class='ocrx_word' id='word_1_198' title='bbox 149 3360 192 3433; x_wconf 90' lang='lat' dir='ltr'>ing</span> <span class='ocrx_word' id='word_1_199' title='bbox 207 3365 311 3433; x_wconf 88' lang='lat' dir='ltr'>sense),</span> <span class='ocrx_word' id='word_1_200' title='bbox 325 3381 341 3415; x_wconf 91' lang='lat' dir='ltr'>a</span> <span class='ocrx_word' id='word_1_201' title='bbox 358 3363 481 3432; x_wconf 87' lang='lat' dir='ltr'>frequent</span> <span class='ocrx_word' id='word_1_202' title='bbox 496 3363 626 3433; x_wconf 87' lang='lat' dir='ltr'>meaning</span> <span class='ocrx_word' id='word_1_203' title='bbox 640 3363 672 3416; x_wconf 88' lang='lat' dir='ltr'>of</span> <span class='ocrx_word' id='word_1_204' title='bbox 718 3394 759 3402; x_wconf 89' lang='lat'>—-</span> <span class='ocrx_word' id='word_1_205' title='bbox 767 3365 936 3416; x_wconf 77' lang='lat' dir='ltr'>simultatem</span> <span class='ocrx_word' id='word_1_206' title='bbox 955 3366 1079 3428; x_wconf 60' lang='lat' dir='ltr'>gerebat:</span> <span class='ocrx_word' id='word_1_207' title='bbox 1100 3364 1132 3416; x_wconf 76' lang='lat' dir='ltr'>lic</span> <span class='ocrx_word' id='word_1_208' title='bbox 1143 3379 1203 3415; x_wconf 86' lang='lat' dir='ltr'>was</span> <span class='ocrx_word' id='word_1_209' title='bbox 1216 3368 1247 3414; x_wconf 75' lang='lat' dir='ltr'>at</span> 
     </span>
     <span class='ocr_line' id='line_1_28' title="bbox 150 3440 1245 3514; baseline -0.001 -20"><span class='ocrx_word' id='word_1_210' title='bbox 150 3440 199 3496; x_wconf 85' lang='lat' dir='ltr'>this</span> <span class='ocrx_word' id='word_1_211' title='bbox 212 3444 302 3509; x_wconf 87' lang='lat' dir='ltr'>word;</span> <span class='ocrx_word' id='word_1_212' title='bbox 322 3442 356 3497; x_wconf 86' lang='lat' dir='ltr'>cf.</span> <span class='ocrx_word' id='word_1_213' title='bbox 372 3461 399 3512; x_wconf 88' lang='lat' dir='ltr'>p.</span> <span class='ocrx_word' id='word_1_214' title='bbox 414 3458 456 3508; x_wconf 88' lang='lat'>42,</span> <span class='ocrx_word' id='word_1_215' title='bbox 470 3444 488 3495; x_wconf 91' lang='lat' dir='ltr'>l.</span> <span class='ocrx_word' id='word_1_216' title='bbox 504 3459 545 3496; x_wconf 82' lang='lat'>21.</span> <span class='ocrx_word' id='word_1_217' title='bbox 720 3444 788 3496; x_wconf 77' lang='lat' dir='ltr'>adds</span> <span class='ocrx_word' id='word_1_218' title='bbox 803 3445 952 3514; x_wconf 75' lang='lat' dir='ltr'>(simultas,</span> <span class='ocrx_word' id='word_1_219' title='bbox 967 3447 1040 3510; x_wconf 79' lang='lat' dir='ltr'>-atis,</span> <span class='ocrx_word' id='word_1_220' title='bbox 1053 3459 1088 3505; x_wconf 66' lang='lat' dir='ltr'>u,</span> <span class='ocrx_word' id='word_1_221' title='bbox 1098 3443 1245 3513; x_wconf 84' lang='lat' dir='ltr'>quarrel).</span> 
     </span>
    </p>

    <p class='ocr_par' dir='ltr' id='par_1_9' title="bbox 151 3521 1247 3673">
     <span class='ocr_line' id='line_1_29' title="bbox 205 3521 1247 3591; baseline -0.003 -16"><span class='ocrx_word' id='word_1_222' title='bbox 205 3531 229 3575; x_wconf 81' lang='lat'>⁶.</span> <span class='ocrx_word' id='word_1_223' title='bbox 257 3528 310 3576; x_wconf 85' lang='lat' dir='ltr'>nan</span> <span class='ocrx_word' id='word_1_224' title='bbox 328 3539 489 3589; x_wconf 81' lang='lat' dir='ltr'>numquam:</span> <span class='ocrx_word' id='word_1_225' title='bbox 521 3526 566 3577; x_wconf 72' lang='lat' dir='ltr'>ae.</span> <span class='ocrx_word' id='word_1_226' title='bbox 586 3541 669 3577; x_wconf 83' lang='lat' dir='ltr'>some·</span> <span class='ocrx_word' id='word_1_227' title='bbox 767 3541 806 3587; x_wconf 81' lang='lat'>¹3·</span> <span class='ocrx_word' id='word_1_228' title='bbox 833 3525 938 3577; x_wconf 80' lang='lat' dir='ltr'>iniussa</span> <span class='ocrx_word' id='word_1_229' title='bbox 951 3526 1137 3591; x_wconf 73' lang='lat' dir='ltr'>imparitatis:</span> <span class='ocrx_word' id='word_1_230' title='bbox 1158 3521 1192 3576; x_wconf 84' lang='lat' dir='ltr'>cf.</span> <span class='ocrx_word' id='word_1_231' title='bbox 1205 3523 1247 3573; x_wconf 87' lang='lat' dir='ltr'>in·</span> 
     </span>
     <span class='ocr_line' id='line_1_30' title="bbox 151 3604 1033 3673; baseline 0.007 -21"><span class='ocrx_word' id='word_1_232' title='bbox 151 3604 231 3657; x_wconf 80' lang='lat' dir='ltr'>times.</span> <span class='ocrx_word' id='word_1_233' title='bbox 720 3605 795 3655; x_wconf 78' lang='lat' dir='ltr'>iussa</span> <span class='ocrx_word' id='word_1_234' title='bbox 807 3608 863 3669; x_wconf 84' lang='lat' dir='ltr'>sua,</span> <span class='ocrx_word' id='word_1_235' title='bbox 876 3623 903 3673; x_wconf 93' lang='lat' dir='ltr'>p.</span> <span class='ocrx_word' id='word_1_236' title='bbox 919 3607 961 3672; x_wconf 85' lang='lat'>28,</span> <span class='ocrx_word' id='word_1_237' title='bbox 974 3606 992 3658; x_wconf 93' lang='lat' dir='ltr'>l.</span> <span class='ocrx_word' id='word_1_238' title='bbox 1008 3619 1033 3671; x_wconf 85' lang='lat'>7.</span> 
     </span>
    </p>

    <p class='ocr_par' dir='ltr' id='par_1_10' title="bbox 205 3686 1114 3750">
     <span class='ocr_line' id='line_1_31' title="bbox 205 3686 1114 3750; baseline -0.001 -14"><span class='ocrx_word' id='word_1_239' title='bbox 205 3692 228 3736; x_wconf 88' lang='lat'>8.</span> <span class='ocrx_word' id='word_1_240' title='bbox 256 3687 331 3750; x_wconf 81' lang='lat' dir='ltr'>ipsa:</span> <span class='ocrx_word' id='word_1_241' title='bbox 352 3702 430 3737; x_wconf 71' lang='lat' dir='ltr'>mera</span> <span class='ocrx_word' id='word_1_242' title='bbox 766 3690 805 3735; x_wconf 87' lang='lat'>16.</span> <span class='ocrx_word' id='word_1_243' title='bbox 832 3689 953 3748; x_wconf 80' lang='lat' dir='ltr'>partem:</span> <span class='ocrx_word' id='word_1_244' title='bbox 973 3686 1114 3738; x_wconf 71' lang='lat' dir='ltr'>directwn.</span> 
     </span>
    </p>

    <p class='ocr_par' dir='ltr' id='par_1_11' title="bbox 191 3762 1167 3835">
     <span class='ocr_line' id='line_1_32' title="bbox 191 3762 1167 3835; baseline 0 -20"><span class='ocrx_word' id='word_1_245' title='bbox 191 3782 228 3816; x_wconf 80' lang='grc' dir='ltr'>ιο.</span> <span class='ocrx_word' id='word_1_246' title='bbox 255 3768 421 3829; x_wconf 78' lang='lat' dir='ltr'>Saratagae:</span> <span class='ocrx_word' id='word_1_247' title='bbox 448 3765 488 3819; x_wconf 85' lang='lat' dir='ltr'>lor</span> <span class='ocrx_word' id='word_1_248' title='bbox 504 3772 611 3835; x_wconf 87' lang='lat' dir='ltr'>syntax,</span> <span class='ocrx_word' id='word_1_249' title='bbox 631 3762 667 3818; x_wconf 84' lang='lat' dir='ltr'>cf.</span> <span class='ocrx_word' id='word_1_250' title='bbox 766 3777 806 3829; x_wconf 87' lang='lat'>17.</span> <span class='ocrx_word' id='word_1_251' title='bbox 832 3767 893 3815; x_wconf 79' lang='lat' dir='ltr'>visa</span> <span class='ocrx_word' id='word_1_252' title='bbox 905 3768 963 3817; x_wconf 83' lang='lat' dir='ltr'>est:</span> <span class='ocrx_word' id='word_1_253' title='bbox 983 3764 1054 3818; x_wconf 80' lang='lat' dir='ltr'>from</span> <span class='ocrx_word' id='word_1_254' title='bbox 1067 3766 1167 3816; x_wconf 82' lang='lat' dir='ltr'>videor.</span> 
     </span>
    </p>
   </div>
   <div class='ocr_carea' id='block_1_7' title="bbox 0 0 1354 4186">
    <p class='ocr_par' dir='ltr' id='par_1_12' title="bbox 0 0 1354 4186">
     <span class='ocr_line' id='line_1_33' title="bbox 0 0 1354 4186; baseline 0 1"><span class='ocrx_word' id='word_1_255' title='bbox 0 0 1354 4186; x_wconf 95' lang='lat' dir='ltr'> </span> 
     </span>
    </p>
   </div>
  </div>
 </body>
</html>
