2700 4186
480 260 593 318 suess
618 260 739 318 uisus
767 261 931 318 kunnun
1217 276 1253 344 ²7

157 458 213 518 per
226 438 348 503 multos
360 447 467 502 annos
478 440 654 505 continuos
668 442 700 504 in
714 443 884 524 provincii
894 451 967 506 erat
978 448 1053 525 pix,
1067 444 1166 506 etiam
1179 462 1254 507 cum

155 541 284 622 legitus
301 543 356 606 ille
373 554 521 607 mortuus
538 554 635 608 esset

201 646 256 709 De
270 646 427 710 comitate
443 647 543 728 legisti
558 649 662 712 multa
677 655 868 726 narrantum
892 660 972 732 quin
984 649 1084 713 etiam
1097 650 1254 713 truditum

155 758 207 814 est
230 749 335 826 illum,
360 770 435 813 cum
459 750 538 815 olim
562 773 622 835 per
646 754 848 834 provinciam
873 752 935 816 iter
957 753 1093 827 faceret,
1119 773 1253 834 parvam

132 844 300 936 5puellam
317 854 440 919 vidisse
455 855 497 917 ad
513 856 673 936 templum
690 865 834 926 euntem.
848 875 991 940 eamque
1002 855 1154 939 inipsius
1169 863 1254 933 equo

154 958 298 1042 positam
315 957 359 1021 ad
372 958 534 1042 templum
550 958 596 1022 ita
611 958 795 1023 deduxisse.

579 1219 762 1286 LESSON
794 1237 835 1299 24

427 1402 614 1504 Nathaniel
634 1403 742 1468 Bacon
765 1404 800 1468 iu
834 1404 986 1489 Virgimu

202 1556 294 1623 Dum
310 1557 344 1620 in
363 1557 534 1621 Britanniis
551 1559 582 1621 N
586 1564 648 1621 ovi
666 1558 789 1621 bellum
812 1561 898 1640 gerit
922 1560 1106 1642 Philippus,
1129 1559 1163 1624 in
1186 1559 1257 1625 Vir·

158 1661 248 1744 ginis
264 1681 397 1744 quoque
415 1661 492 1724 Indi
506 1661 651 1742 impetis
666 1681 769 1744 saepe
783 1664 818 1724 in
834 1663 970 1726 colonos
985 1664 1164 1738 faciebant,
1179 1663 1259 1725 mul·

157 1772 275 1848 tosque
304 1764 476 1846 agricolis,
504 1775 562 1848 qui
588 1766 704 1846 procul
727 1765 769 1828 ab
791 1765 925 1847 oppidis
952 1765 1157 1842 habitabant,
1182 1786 1257 1829 cum

120 1868 303 1932 iocruciz'stu
324 1868 524 1931 occiderunt.
571 1868 649 1951 Quo
671 1869 818 1950 periculo
840 1877 1006 1943 commoti,
1023 1870 1133 1932 coloni
1155 1869 1260 1933 multa

157 1971 246 2035 milia
263 1992 421 2053 passuum
444 1972 578 2036 nuntios
602 1972 645 2034 ad
668 1982 770 2053 caput
794 1972 984 2053 provinciae
1008 1979 1178 2046 miserunt,
1203 1981 1270 2055 qui

158 2076 304 2157 legatum
320 2079 462 2152 orarent,
480 2086 516 2139 ut
531 2077 677 2139 mitteret
697 2076 826 2151 milites,
845 2085 903 2157 qui
925 2077 1029 2139 hostis
1053 2083 1255 2139 coercerent.

158 2179 289 2261 Legito
304 2191 415 2243 autem
432 2173 638 2244 nullomodo
654 2179 847 2261 persuaderi
864 2180 972 2260 potuit
990 2190 1026 2242 ut
1047 2179 1183 2242 colonos
1206 2179 1260 2241 ad-

156 2282 295 2359 iuvaret,
319 2284 408 2366 quod
432 2304 506 2347 cum
533 2284 624 2346 Indis
646 2283 720 2366 ipse
743 2282 976 2365 negotiabitur
999 2303 1060 2345 nec
1084 2293 1259 2364 quaestum

119 2411 146 2464 15
158 2386 324 2450 dimittere
335 2386 482 2461 volebat3
500 2388 691 2470 quinetiam
707 2388 837 2450 iuvenis
850 2387 994 2469 quidam,
1009 2386 1142 2449 nomine
1160 2387 1259 2461 Βέοό,

158 2499 216 2576 qui
238 2498 258 2556 Ξ
283 2493 454 2556 Britanniis
477 2493 583 2555 tribus
608 2504 685 2556 ante
709 2502 805 2555 annis
828 2493 862 2554 in
888 2491 1089 2574 provinciam
1114 2498 1259 2568 venerat,

158 2616 235 2660 cum
252 2594 388 2659 dixisset
403 2603 439 2659 se
455 2596 539 2660 velle
556 2597 588 2658 in
608 2597 768 2659 indorum
784 2596 862 2657 finis
883 2597 1004 2658 ducere
1024 2595 1160 2658 colonos
1183 2615 1261 2677 pau-

158 2708 225 2776 cos,
243 2705 301 2782 qui
315 2700 380 2762 iam
396 2700 462 2782 ipsi
481 2720 573 2763 arma
594 2707 762 2782 cuperant,
787 2705 807 2763 ἃ
829 2700 940 2780 legito
963 2698 1053 2760 domi
1075 2704 1128 2762 est
1151 2699 1261 2761 iussus

158 2811 303 2867 manere.
970 2875 974 2881 ,

120 2933 151 2970 ω
203 2905 340 2971 Iuvenis
355 2917 476 2981 autem,
494 2909 565 2972 sine
581 2912 673 2971 mori
688 2906 731 2969 ad
746 2916 855 2971 castra
871 2907 1064 2970 colonorum
1082 2905 1168 2968 clam
1188 2927 1261 2987 pro

220 3075 244 3110 1.
282 3071 345 3124 pert
383 3056 474 3128 freely,
497 3058 560 3130 for.
574 3071 684 3110 -con-
780 3075 820 3120 13.
845 3059 1000 3123 persuideri
1009 3058 1112 3123 potuit:
1126 3055 1166 3109 lit.
1175 3057 1257 3109 could

157 3140 265 3192 tinudn
302 3139 454 3205 continuus,
473 3155 508 3202 -a‚
531 3154 598 3206 -um,
621 3154 683 3192 con·
733 3138 802 3190 itbe
819 3138 899 3190 made
916 3137 1071 3206 agreeable5
1096 3135 1131 3190 cs.
1153 3141 1258 3202 persust-

157 3221 283 3273 secutivc.
296 3249 327 3259 -
337 3234 412 3272 cum:
431 3221 516 3292 after.
733 3220 802 3282 dure,
815 3234 842 3287 p.
858 3233 872 3269 2
875 3233 900 3284 3,
912 3217 931 3269 l.
946 3233 972 3286 9.

220 3316 245 3363 ³·
272 3302 374 3353 multa:
395 3299 429 3354 cs.
445 3318 472 3370 p.
483 3315 507 3370 5,
522 3301 539 3353 l.
555 3302 683 3370 9.-trs-
779 3312 819 3360 15·
842 3300 975 3349 volebat:
1011 3295 1046 3351 cs.
1072 3299 1153 3363 velle,
1179 3314 1206 3367 p.
1236 3310 1260 3361 2,

159 3383 247 3434 ditum
258 3383 317 3433 est:
338 3380 372 3435 cf.
388 3398 415 3450 p.
433 3395 473 3446 11,
485 3381 504 3433 1.
518 3395 545 3446 4.
733 3378 752 3432 l.
770 3392 811 3447 15·

220 3476 246 3526 5.
272 3464 396 3514 euntem:
428 3459 497 3514 from
516 3464 682 3512 eiu-em:
781 3475 820 3521 ¹7·
846 3473 923 3510 cum:
938 3457 1068 3510 translate
1076 3455 1156 3510 much
1167 3456 1261 3510 earlier

161 3539 219 3596 der.
228 3542 375 3607 -ipsiust
394 3539 438 3593 his
453 3557 525 3593 own.
735 3539 764 3591 in
777 3539 824 3591 the
838 3538 955 3606 English
969 3545 1110 3590 sentence.

222 3628 248 3675 ⁶.
273 3619 685 3690 positsmzpart.(frompono)‚
783 3626 821 3670 ιε.
848 3620 918 3682 ipsi:
948 3635 983 3669 on
1014 3617 1088 3669 their
1114 3632 1175 3668 own
1206 3632 1262 3669 mo·

161 3700 289 3772 agreciug
302 3701 364 3754 with
377 3716 447 3754 eam.
734 3701 801 3758 tion,
838 3701 883 3750 zlc.
920 3696 1035 3750 without
1071 3694 1182 3764 waiting
1221 3694 1260 3750 for

206 3798 246 3833 u.
272 3786 368 3848 caput:
388 3781 499 3836 cabital.
733 3777 781 3832 the
793 3792 929 3848 governor
941 3784 969 3825 to
982 3786 1034 3830 act.
