2700 4186
159 262 198 325 70
481 247 595 306 rrus'r
621 249 741 304 nunu
769 247 933 306 mooun

157 427 260 503 nivis,
278 433 343 510 quei
358 427 541 491 vehebatur
556 428 622 490 dux
645 428 717 509 ipse
740 427 943 505 colonorum,
960 438 994 492 et
1017 428 1088 491 sola
1111 428 1257 491 hostium

157 531 313 594 sustinuit
327 532 499 613 impetum,
516 533 624 595 donec
640 532 767 615 reliqua
783 533 898 595 classis
915 532 1118 596 Americina
1134 532 1169 595 in
1186 553 1257 615 por-

157 643 227 696 tum
239 642 402 698 munitum
418 645 591 717 pervenire
603 635 730 717 potuit;
754 645 833 718 quin
848 638 947 698 etiam
960 643 1003 698 ne
1015 635 1103 698 illam
1122 635 1257 719 quidem

156 739 314 819 praedam
332 746 493 820 ceperunt
505 740 673 814 Britanni;
697 759 775 801 narn
792 747 853 802 suo
869 739 1010 820 navigio,
1028 759 1104 802 cum
1120 740 1162 803 ad
1180 740 1258 804 litus

132 843 336 926 sappulsum
351 851 450 920 esset,
467 841 662 906 Americini
676 842 740 926 ipsi
756 843 844 924 ignis
860 842 1085 908 admoverunt

580 1087 764 1156 resson
794 1088 840 1154 60

551 1267 582 1333 Α
608 1268 717 1352 nun
736 1268 859 1334 Attack

201 1431 296 1496 Bello
316 1440 432 1514 primo,
449 1432 539 1515 quod
559 1438 580 1494 ἃ
602 1433 769 1495 Britannis
792 1452 868 1494 curn
892 1432 1102 1496 Americr'inls
1125 1442 1257 1515 gestum

157 1546 217 1610 est,
234 1537 268 1598 in
291 1536 427 1598 flumine
443 1537 585 1618 quodam
604 1536 808 1600 Carolaenae
825 1536 1001 1600 Ulterioris
1024 1537 1133 1600 insula
1154 1557 1258 1619 parva

157 1639 323 1722 praesidio
348 1639 540 1702 Britannico
563 1640 755 1702 tenebitur:
786 1640 917 1702 interim
941 1639 1095 1702 dominus
1118 1643 1256 1714 insulae,

156 1745 207 1807 vir
227 1743 376 1824 locuples
395 1751 508 1825 reique
527 1743 681 1825 publicae
697 1743 954 1820 amantissimus,
972 1744 1111 1806 moleste
1132 1746 1257 1807 scilicet

118 1877 148 1914 ιο
157 1847 287 1909 terebat
313 1856 422 1909 castra
450 1848 592 1909 hostium
617 1849 650 1908 in
675 1848 812 1928 praedio
837 1855 898 1910 suo
920 1846 1082 1911 collocata
1109 1867 1193 1923 esse,
1218 1855 1259 1911 ef>

157 1953 264 2032 magis
281 1951 369 2031 quod
386 1950 505 2013 milites
521 1950 686 2013 interdurn
704 1959 739 2013 se
756 1950 936 2014 insolenter
951 1951 1122 2032 gerebant.

202 2055 372 2118 Postremo
388 2054 582 2117 Americfini
599 2057 841 2118 constituerunt
860 2055 1001 2118 adverso
1016 2054 1153 2119 flumine
1170 2057 1258 2120 nivi·

158 2165 237 2240 gire
252 2158 431 2240 copiisque
449 2158 665 2233 Britannicis,
688 2166 716 2220 si
737 2168 882 2239 possent,
899 2179 939 2221 ex
957 2159 1066 2221 insule
1081 2160 1256 2240 expellere.

159 2262 278 2343 Itaque
298 2262 382 2324 clam
401 2262 551 2343 profecti,
568 2262 708 2324 nivibus
724 2272 823 2326 nocte
838 2263 1040 2343 intempeste
1056 2263 1098 2325 ad
1114 2265 1256 2326 insulam

120 2379 147 2434 ¹5
158 2365 289 2428 silentio
298 2366 457 2447 appulsis,
471 2365 631 2447 impetum
648 2366 845 2428 acerrimum
857 2367 967 2433 subito
980 2368 1140 2430 fecerunt.
1181 2367 1258 2450 Qui

157 2476 194 2532 re
208 2476 297 2531 novi
312 2476 455 2550 permoti
468 2469 622 2533 Britanni.
632 2470 674 2530 ad
690 2489 783 2531 arma
798 2470 950 2533 celeriter
965 2477 1200 2548 cucurrerunt3
1224 2481 1258 2535 et

158 2572 312 2635 dominus
329 2592 461 2654 quoque
481 2573 618 2647 insulae,
637 2581 694 2653 qui
714 2572 885 2635 nesciebat
906 2581 1030 2636 amicos
1051 2574 1179 2647 adesse,
1198 2575 1256 2638 irn-

159 2676 272 2757 petum
304 2676 346 2738 ab
376 2676 528 2738 hostibus
560 2675 687 2738 factum
719 2675 906 2751 arbitratus,
938 2684 1005 2739 unit
1042 2697 1119 2739 cum
1157 2686 1258 2742 uxore

121 2758 125 2806 ἶ
159 2779 335 2861 liberisque
355 2779 389 2841 in
409 2779 508 2842 silvis
529 2779 655 2842 tardius
674 2785 711 2842 se
730 2781 888 2856 contulit3
912 2781 985 2861 ipse
1006 2780 1094 2844 enim
1116 2782 1258 2862 pedibus

203 2977 230 3022 4.
256 2963 319 3012 suo:
334 2958 367 3014 cf.
381 2976 468 3024 suum,
478 2977 505 3029 p.
518 2975 557 3026 11,
570 2959 589 3013 l.
603 2959 629 3014 6.
734 2958 835 3012 wealtlr
848 2956 997 3029 (objective
1009 2958 1086 3028 gen.)
1099 2977 1106 3024 3
1125 2960 1258 3011 amantis·

203 3055 226 3104 ⁵·
251 3043 395 3107 appulsum
411 3044 499 3094 esset:
520 3041 553 3096 ef.
567 3042 682 3108 appulit,
734 3040 819 3091 simus
845 3039 868 3091 is
888 3038 941 3112 *the
967 3039 1131 3109 superlative
1156 3039 1189 3094 of
1212 3040 1259 3094 the

158 3138 186 3194 p.
200 3137 241 3190 31,
254 3121 273 3173 l.
291 3136 331 3190 13.
733 3127 803 3189 part.
817 3123 922 3171 emine.

202 3208 228 3253 6.
254 3203 324 3253 bello
365 3205 466 3268 primo:
510 3200 545 3256 cf.
580 3217 608 3271 p.
640 3199 683 3267 62,
780 3216 820 3250 ιο.
847 3198 1259 3268 eomugismndalltlrcmorc,

159 3280 178 3334 1.
194 3296 234 3351 15.
541 3272 542 3275 ¹
735 3280 775 3333 lit.
789 3297 823 3332 on
836 3280 892 3332 this
903 3286 1016 3333 account
1032 3281 1104 3349 (the)
1121 3298 1203 3334 more.

204 3379 226 3427 7.
251 3363 417 3416 ulterioris:
467 3362 508 3416 lit.
561 3360 684 3414 Farther
781 3378 818 3412 ιι.
844 3363 1006 3412 insolenter:
1024 3359 1258 3430 adv.,insolently,

162 3442 244 3509 (from
254 3443 300 3496 the
309 3443 386 3512 point
397 3442 428 3496 of
437 3442 505 3496 view
516 3441 548 3496 of
553 3442 602 3496 the
611 3441 684 3510 capi·
734 3458 766 3496 or
777 3440 956 3511 impudently.

160 3523 196 3575 tal
206 3521 236 3576 of
242 3522 399 3577 theUnited
408 3521 681 3590 States),i.e.Sout}1.
781 3527 818 3572 16.
843 3525 886 3572 re:
906 3523 1004 3574 actm.

204 3621 227 3666 9.
253 3607 318 3655 rei.
344 3643 349 3654 .
375 3641 381 3654 .
408 3603 531 3667 publicae
556 3603 686 3655 amantis
782 3619 822 3664 19·
845 3602 966 3654 tardius:
992 3600 1079 3654 absol.
1096 3618 1257 3671 compar.-

161 3685 261 3736 simus:
289 3688 358 3735 most
372 3683 446 3748 loyal
460 3689 489 3735 to
505 3682 549 3734 his
562 3687 684 3750 country,
735 3683 848 3747 pedibus
861 3683 973 3746 captus:
993 3681 1211 3753 beingcrrppled,
1220 3680 1255 3735 lit

161 3765 200 3818 lit.
222 3770 290 3816 most
316 3763 409 3832 loving
434 3763 470 3832 os
488 3761 533 3814 the
551 3779 672 3816 common
736 3762 1028 3830 bringincapacitatcd
1037 3763 1067 3814 in
1080 3761 1197 3833 hissa&
