2700 4186
469 230 584 283 mxsr
610 227 730 282 numu
759 191 923 282 minin
1210 244 1248 307 91

142 427 243 489 quam
261 406 434 470 celerrime
449 414 569 486 cogere
585 407 703 487 coepit.
750 406 916 468 Tecumsa
932 404 1074 479 interim,
1093 415 1128 467 ut
1144 417 1251 468 omnis

146 511 250 573 Indos
273 511 315 572 ad
339 531 432 573 arma
455 517 599 585 vocaret,
616 510 760 591 reliquas
783 516 902 588 gentes
919 508 1095 588 diligenter
1111 507 1177 571 iam
1193 510 1252 572 cir·

143 613 301 678 cumibat

572 781 755 845 resson
787 781 829 860 76

341 965 373 1031 Α
398 932 594 1049 Dangcrous
619 963 811 1047 Conspiracy
832 963 1054 1050 (Continued)
1100 968 1104 975 ’

189 1128 388 1211 Priusquam
412 1136 468 1190 rex
495 1128 598 1190 indus
622 1147 697 1189 cum
722 1130 819 1190 sociis
843 1127 950 1191 redire
971 1128 1087 1209 potuit,
1108 1129 1248 1209 legatus,

130 1234 207 1309 ssibi
237 1233 368 1295 initium
400 1231 478 1294 beili
507 1252 582 1294 esse
612 1231 804 1293 faciendum
836 1243 935 1307 ratus,
961 1231 1100 1293 consilio
1130 1232 1250 1294 callido

149 1343 225 1399 usus
256 1347 328 1412 est;
361 1355 438 1398 nam
465 1355 505 1397 ex
528 1335 610 1397 urbe
640 1334 682 1396 ad
715 1355 863 1416 pugnam
894 1335 1075 1415 profectus
1100 1333 1249 1415 legiones

148 1440 281 1503 flumine
305 1440 446 1501 adverso
469 1459 577 1520 pauca
601 1440 689 1500 mIiia
709 1459 868 1520 passuum
885 1439 986 1513 duxit,
1004 1450 1075 1501 tum
1091 1439 1199 1501 subito
1215 1440 1248 1501 in

147 1552 251 1626 ripam
269 1542 398 1606 transiit
414 1544 563 1606 alteram.
612 1543 753 1605 Putabat
768 1543 858 1606 enim
869 1542 918 1626 (id
935 1544 1024 1625 quod
1041 1545 1167 1605 iactum
1184 1544 1251 1628 est)

147 1647 305 1711 barbaros
328 1647 465 1710 insidias
489 1647 707 1710 collocaturus
724 1654 764 1710 ea
779 1649 813 1710 in
829 1654 910 1729 ripa,
929 1647 961 1709 in
984 1655 1049 1729 qua
1066 1655 1171 1728 primo
1188 1647 1250 1710 iter

105 1767 137 1808 10
147 1753 257 1815 iacere
273 1751 346 1834 ipse
363 1751 536 1833 coepisset.
585 1752 697 1833 Copiis
721 1753 822 1833 igitur
845 1752 969 1814 flumen
991 1752 1159 1829 traductis,
1177 1751 1250 1814 sine

148 1857 346 1919 detrimento
369 1857 438 1918 ullo
461 1855 632 1919 contendit
648 1856 690 1918 ad
706 1856 878 1937 oppidum,
895 1855 952 1919 ubi
969 1855 1171 1919 domicilium
1188 1856 1252 1918 Te·

148 1980 261 2023 cumsa
278 1960 430 2023 habebat.

190 2065 276 2130 Cum
300 2065 430 2146 legatus
461 2066 597 2147 propius
621 2064 825 2140 accessisset,
850 2067 938 2146 regis
962 2066 1076 2141 frater,
1100 2074 1249 2146 quitum

150 2170 271 2251 oppido
304 2180 464 2250 praeerat,
489 2171 642 2231 nuntium
676 2169 772 2244 misit,
798 2179 854 2250 qui
885 2170 1009 2231 diceret
1040 2176 1173 2250 postero
1196 2169 1250 2230 die

102 2281 130 2334 5
152 2272 251 2335 Indos
263 2273 477 2335 condiciones
489 2274 581 2354 pacis
592 2280 763 2354 petituros.
808 2274 926 2353 Itaque
942 2272 1133 2334 Americani
1145 2293 1250 2353 prope

151 2377 308 2458 oppidum
332 2384 516 2457 posuerunt
539 2386 657 2451 castra,
682 2384 848 2458 armisque
873 2377 1035 2457 expeditis
1066 2383 1102 2438 se
1133 2383 1250 2438 somno

151 2479 321 2543 dederunt.
368 2478 416 2542 At
446 2480 559 2560 vigilia
589 2481 719 2543 circiter
748 2486 867 2561 quarta
898 2480 1007 2542 subito
1037 2481 1169 2543 auditus
1200 2490 1250 2542 est

151 2584 293 2646 ululatus
327 2583 496 2658 Indorum,
528 2592 585 2664 qui
616 2585 762 2666 undique
792 2593 900 2646 castra
939 2582 1004 2645 iam
1032 2584 1249 2658 obsidebant3

152 2696 213 2772 quo
236 2694 320 2750 sono
343 2686 385 2749 ad
409 2695 505 2750 aures
530 2687 650 2762 adlato,
678 2689 795 2750 milites
820 2694 838 2749 ἓ
861 2695 978 2749 somno
1001 2688 1135 2750 excitati
1163 2688 1250 2768 ignis

209 2877 233 2927 5.
257 2863 384 2915 initium:
397 2862 516 2927 initium,
529 2866 559 2928 -i‚
576 2876 616 2929 m,
634 2862 674 2915 be·
725 2863 823 2913 flumen
859 2863 947 2913 ductis
997 2860 1046 2931 (cf.
1084 2864 1160 2914 trano
1209 2860 1252 2914 for

148 2943 272 3014 ginnr'ng.
311 2942 374 2997 The
389 2942 478 2996 whole
494 2942 592 3010 phrase
611 2959 674 3012 may
724 2942 860 3009 transiri).

153 3020 183 3076 be
203 3022 340 3076 rendered
361 3021 454 3092 sreer,
466 3022 597 3090 thinking
613 3022 674 3074 that
771 3041 808 3074 11.
833 3024 1014 3075 domicilium:
1037 3022 1210 3084 domicilium,
1222 3025 1251 3088 -i,

152 3101 181 3155 lu
199 3104 282 3172 ought
299 3111 327 3156 to
346 3104 409 3156 take
429 3103 474 3155 the
491 3105 631 3155 inr'tr‘atz’ve
641 3105 673 3155 in
724 3117 761 3164 u..
775 3103 917 3155 residente.

153 3183 192 3237 the
203 3201 285 3250 war,·
304 3184 343 3237 lit.
357 3185 448 3236 what?
772 3199 810 3246 14.
837 3187 974 3247 praeerat:
1000 3181 1035 3236 cf.
1057 3199 1083 3250 p.
1105 3180 1145 3251 58,
1168 3181 1186 3234 l.
1211 3195 1251 3247 12,

210 3272 235 3317 8.
262 3267 290 3317 io
315 3269 384 3332 quod
415 3266 600 3318 factumest:
643 3283 675 3317 as
726 3263 780 3316 and
793 3265 841 3316 the
855 3265 947 3317 notes

155 3347 270 3414 actually
278 3348 390 3417 proved
406 3353 434 3399 to
446 3348 475 3398 be
492 3347 536 3398 tlte
547 3364 614 3409 case,
632 3346 672 3397 lit,
773 3362 812 3407 17.
838 3347 935 3410 vigilia
955 3383 961 3396 .
983 3381 1017 3395 ..
1059 3346 1169 3409 quisti:
1204 3343 1249 3394 ir.

155 3426 194 3480 the
216 3429 299 3496 thrirg
318 3427 407 3482 which
442 3427 589 3498 (actuallm
609 3427 676 3494 hap
727 3425 830 3478 toward
850 3426 985 3494 morning,
1005 3424 1051 3476 the
1071 3423 1150 3493 night
1168 3421 1252 3491 being

153 3509 245 3575 pened.
727 3506 838 3559 divided
852 3507 911 3560 into
923 3506 983 3559 four
995 3506 1074 3575 equal
1088 3504 1215 3557 watches.

212 3607 236 3653 9.
263 3594 310 3641 ei:
348 3588 501 3660 modifying
526 3589 676 3655 ripa-in
774 3605 811 3649 19.
840 3590 890 3652 quo
912 3589 976 3640 sono
995 3589 1029 3638 ad
1048 3589 1124 3638 auris
1147 3587 1251 3636 adlato:

157 3671 216 3728 qur:
236 3672 310 3738 upon
325 3669 477 3739 (oralong)
492 3668 588 3723 whz‘ch.
726 3666 760 3720 ci.
796 3685 822 3735 p.
856 3681 898 3734 73,
931 3666 950 3719 l.
989 3666 1170 3730 11.—ignis:
1208 3662 1253 3715 tlte

198 3763 236 3798 ro.
262 3749 361 3798 flumen
373 3749 520 3799 triduoue:
539 3749 584 3800 i.e.
598 3751 674 3799 trans
729 3746 836 3817 (carrrp)
848 3749 930 3814 fircr.
