2700 4186
471 249 586 307 FIRST
608 249 740 308 mne·
759 249 924 306 READER

459 705 461 709 y
572 617 757 684 resson
792 632 832 684 ιο

595 801 799 866 Pocalzontas

189 968 298 1051 Prope
310 969 484 1046 coloniam,
499 990 598 1052 quarn
616 969 767 1033 Britanni
783 971 816 1032 in
829 969 1015 1052 Virginiam
1027 969 1244 1044 deduxerant,

142 1072 317 1136 habitabat
329 1074 464 1155 quidam
481 1081 538 1136 rex
552 1074 666 1150 Indus,
679 1075 733 1137 cui
748 1084 820 1137 erat
836 1073 907 1136 iilia
924 1074 1072 1155 pulchra.
1121 1073 1243 1148 Puella,

142 1195 231 1261 quae
247 1176 439 1239 Pocahonta
456 1178 696 1258 appellabatur,
714 1178 848 1240 colonos
869 1177 1000 1252 amavit,
1019 1176 1164 1258 olimque
1180 1197 1244 1239 ser-

142 1285 279 1342 vaverat
302 1299 378 1342 eum
404 1281 534 1357 ducem,
559 1281 601 1344 de
624 1289 690 1363 quo
714 1286 814 1362 supra'r
839 1282 944 1343 multa
966 1281 1049 1356 dixi;
1081 1300 1158 1342 nam
1182 1287 1243 1342 trit-

112 1401 132 1455 ·5
143 1383 250 1445 ditum
269 1393 330 1460 est,
348 1404 423 1446 cum
447 1384 501 1448 ille
525 1385 567 1448 ab
592 1384 685 1448 Indis
708 1395 827 1466 captus
850 1393 948 1460 esset,
966 1385 1145 1465 hostesque
1168 1404 1242 1447 eum

142 1486 329 1551 interficere
343 1488 477 1564 vellent,
495 1489 582 1571 regis
606 1489 711 1551 filiam
734 1509 830 1552 suum
855 1508 975 1569 corpus
994 1488 1242 1568 interposuisse.

146 1590 185 1654 Id
200 1600 313 1654 tamen
330 1593 425 1655 multi
439 1593 579 1656 credunt
594 1613 776 1676 numquam
792 1613 866 1656 esse
878 1593 1015 1667 facturn,
1031 1592 1244 1673 Fabrumque

144 1702 261 1776 posteri
282 1706 456 1759 mentitum
474 1717 558 1760 esse.
597 1697 664 1760 Sed
685 1697 855 1761 frumento
870 1703 960 1760 certe
980 1706 1013 1760 et
1028 1716 1129 1760 carne
1147 1696 1245 1758 Poca-

143 1798 247 1862 honta
262 1800 397 1863 colonos
410 1821 510 1883 saepe
522 1800 613 1877 iuvit,
628 1810 661 1864 et
677 1802 845 1883 quondam
859 1801 901 1864 ad
913 1802 1074 1883 oppidum
1090 1802 1243 1863 nuntium

118 1903 241 1980 omisit,
258 1924 334 1967 cum
350 1906 464 1968 hostes
479 1906 666 1989 oppidanos
682 1907 834 1971 occidere
850 1914 1016 1989 pararent.

187 2008 360 2072 Interdum
384 2011 502 2086 coloni,
526 2019 667 2094 quorum
691 2013 807 2092 copiae
834 2032 967 2093 semper
992 2030 1115 2092 parvae
1137 2020 1243 2089 erant,

144 2111 233 2176 fame
249 2116 557 2196 paene‚perierunt;
582 2123 660 2198 quin
673 2117 773 2179 etiam
785 2115 873 2190 olim,
888 2135 1089 2198 quamquam
1102 2113 1243 2177 libenter

144 2224 246 2298 equos
262 2238 394 2300 quoque
411 2219 565 2295 edebant,
583 2220 735 2282 homines
754 2220 851 2282 multi
868 2228 990 2282 mortui
1008 2227 1095 2282 sunt.
1144 2218 1241 2294 Tum,

142 2321 303 2402 impetum
336 2322 495 2386 Indorum
526 2323 691 2400 timentes,
722 2323 883 2406 oppidani
919 2324 1027 2405 ipsam
1061 2329 1243 2404 rapuerunt

118 2424 367 2502 §Pocahontam
396 2434 594 2510 mensesque
620 2429 741 2491 multos
766 2436 827 2511 pro
853 2428 968 2492 obside
993 2434 1181 2502 tenuerunt,
1207 2436 1244 2490 ut

144 2539 246 2610 pater,
264 2528 335 2592 filia
351 2537 458 2611 capti,
475 2541 601 2595 amicus
618 2552 691 2596 esse
708 2539 892 2614 erigeretur.
940 2531 1095 2606 Puellam,
1113 2530 1192 2592 dum
1209 2530 1242 2592 in

143 2633 267 2713 oppido
283 2641 438 2709 moratur,
462 2642 549 2699 rinus
568 2656 608 2699 ex
625 2637 751 2700 colonis
773 2644 885 2701 amire
904 2638 1021 2717 coepit.
1071 2634 1146 2717 Qui
1167 2653 1240 2697 cum

143 2755 214 2798 eam
238 2737 273 2798 in
297 2737 544 2801 matrimonium
567 2740 726 2816 duxisset,
744 2741 786 2803 ad
812 2740 1018 2804 Britanniam
1042 2758 1117 2801 cum
1141 2745 1243 2801 uxore

144 2849 193 2903 est
209 2839 399 2922 proiectus;
422 2841 480 2904 ubi
496 2843 596 2925 paulo
612 2854 687 2925 post
705 2845 898 2908 Pocahonta
914 2852 1118 2906 mortuaest.

187 3060 212 3096 ο.
238 3046 282 3096 cul
307 3053 383 3099 erat:
410 3044 503 3118 ireely‚
518 3045 667 3101 wichad.-

146 3121 183 3176 lit.
195 3123 286 3178 what?

185 3221 212 3269 4.
238 3207 340 3259 multu:
378 3205 476 3272 muchr
511 3206 546 3262 cf.
572 3210 667 3268 multa,

146 3299 172 3352 p.
187 3299 211 3355 ς,
223 3284 243 3339 l.
257 3301 282 3357 9.
291 3289 465 3340 -triditum
476 3291 535 3341 eet:
549 3289 572 3340 it
587 3289 612 3341 tlt
625 3306 668 3342 re·

146 3363 219 3420 dated
238 3367 329 3434 (irtio
347 3367 371 3421 is
388 3367 468 3422 short
487 3367 530 3423 ior
547 3354 676 3430 trinodi(

147 3442 183 3498 lit.
195 3445 276 3501 hand
284 3465 357 3514 over,
366 3452 437 3518 pass
449 3449 551 3520 along)

187 3533 212 3580 ⁶.
239 3543 332 3582 enum:
370 3528 507 3597 emphatic
536 3528 667 3598 position,

147 3604 275 3662 herm.
313 3609 601 3678 Whenapossessive
614 3610 667 3677 adj.

149 3684 323 3760 isemployed
342 3689 384 3743 for
402 3689 538 3744 clearness
557 3690 667 3757 merely,

720 3063 810 3114 noun3
830 3045 910 3100 when
920 3045 940 3098 it
953 3046 1083 3116 precedes
1100 3045 1147 3100 the
1159 3063 1242 3110 noun,

719 3129 740 3181 it
757 3127 780 3180 is
794 3126 870 3181 often
888 3126 951 3181 best
971 3126 1104 3180 rendered
1119 3143 1150 3180 as
1165 3143 1244 3179 suum

718 3207 790 3262 here.

780 3303 805 3353 7.
830 3289 876 3342 id:
911 3289 956 3342 ia.
989 3287 1036 3343 the
1068 3286 1244 3341 incident-
1296 3340 1298 3344 ,

718 3371 814 3421 multi:
847 3367 882 3423 cf.
911 3368 958 3423 the
981 3376 1045 3422 note
1064 3383 1102 3422 on
1124 3370 1243 3434 quidam,

718 3467 745 3515 p.
761 3465 786 3510 2,
800 3449 817 3502 l.
836 3464 859 3502 1.

764 3545 803 3593 15.
830 3534 892 3594 pro:
912 3547 952 3582 as.

765 3628 804 3675 17·
830 3615 963 3664 moritur:
995 3607 1039 3663 sor
1057 3608 1104 3663 the
1124 3607 1197 3662 iorce
1215 3611 1244 3662 ol

718 3691 764 3745 the
786 3699 872 3749 tense.
892 3707 938 3744 see
954 3689 1000 3743 the
1020 3697 1085 3743 note
1103 3705 1141 3743 on
1163 3689 1243 3750 nunt.

149 3767 167 3818 it
187 3767 209 3821 is
229 3777 277 3839 apt
294 3778 324 3824 to
348 3769 439 3823 lollow
466 3770 512 3824 the
537 3769 667 3826 modified
716 3770 869 3842 p.7.l.16.
