2700 4186
163 237 224 302 128
484 237 598 295 FIRST
623 237 746 295 LATIN
773 237 938 294 READER

160 418 291 484 hostem
308 420 370 484 sibi
381 417 567 483 timendum
583 439 667 494 esse,
681 424 710 482 si
722 417 821 482 modo
834 425 950 482 omnes
962 414 1051 482 idem
1067 416 1260 502 proberent3

159 524 193 586 in
209 523 416 588 dissensiene
432 533 544 586 autem
561 522 687 585 millam
702 541 778 586 esse
795 542 900 604 spem.

204 628 289 693 Cum
308 627 373 690 iam
392 628 435 690 ad
455 627 599 690 mediam
618 636 751 690 noctem
771 626 978 709 disputetum
999 636 1098 702 esset,
1115 634 1190 690 tum
1209 625 1263 689 de·

160 752 251 795 mum
275 731 391 798 Sabini
413 731 579 795 sententia
609 729 788 812 supererit,
813 751 852 794 ac
876 736 974 794 mene
1005 739 1115 793 cestra
1137 737 1264 793 metum

135 844 199 913 siri
214 835 372 900 militibus
396 835 645 917 prenrintietum
670 844 729 897 est.
778 834 986 916 Censumpta
1008 843 1060 898 est
1074 832 1197 915 vigiliis
1220 852 1266 896 re·

160 940 250 1024 liqua
272 960 350 1022 pars
372 938 490 1015 noctis,
515 959 590 1002 cum
615 939 735 1002 milites
766 938 855 1001 bona
885 937 1081 1019 colligerent
1106 957 1178 1015 sua,
1203 956 1265 1000 nec

160 1047 239 1109 satis
252 1053 376 1109 scirent
391 1044 471 1128 quid
485 1046 522 1107 in
538 1044 685 1106 hibernis
700 1042 967 1126 relinquendum,
981 1054 1040 1106 aut
1054 1041 1135 1125 quid
1151 1049 1265 1106 secum

75 1188 79 1198 ·
159 1150 360 1233 portandum
376 1159 474 1213 esset.
524 1148 655 1211 Deinde
679 1154 787 1230 prime
810 1149 884 1211 hice
901 1155 920 1211 e
935 1155 1051 1212 castris
1068 1147 1266 1230 longissime

159 1256 293 1337 agmine
316 1258 534 1338 maximisque
557 1255 803 1336 impedimentis
828 1255 971 1336 profecti
992 1265 1089 1332 sunt;
1113 1253 1266 1336 plerique

120 1361 247 1423 roenim
271 1369 337 1424 nen
363 1359 619 1445 suspicebantur
646 1359 877 1440 Ambiorigem
900 1358 1012 1422 omnia
1036 1379 1086 1434 ea,
1110 1378 1200 1441 quae
1224 1357 1266 1420 de

160 1466 400 1529 Germenerum
417 1465 563 1527 adventii
580 1464 715 1538 dixerat,
730 1472 903 1527 mentitum
920 1483 1005 1539 esse,
1021 1482 1098 1527 cum
1114 1467 1266 1544 spereret

159 1571 205 1632 ita
221 1576 258 1632 se
275 1571 444 1632 Remenes
461 1588 502 1631 ex
517 1568 664 1630 hibernis
681 1567 802 1632 elicere
819 1588 927 1649 posse.

205 1674 252 1737 At
267 1672 397 1736 interim
422 1673 546 1747 hintes,
563 1678 620 1754 qui
635 1692 676 1734 ex
690 1679 855 1734 nocturne
867 1670 1008 1753 strepitti
1032 1669 1265 1735 intellexerant

159 1776 287 1858 legetes
324 1776 535 1840 censtituisse
566 1775 743 1838 censestim
775 1785 884 1838 castra
914 1782 1057 1850 movere,
1090 1773 1125 1837 in
1163 1773 1264 1837 silves

121 1910 149 1963 ¹5
161 1880 296 1962 paulum
328 1888 363 1943 se
393 1887 588 1960 receperant
616 1879 810 1960 insidiisque
840 1880 913 1941 loce
942 1879 1065 1946 idenee
1093 1876 1265 1941 collocetis

159 1985 339 2048 adventum
358 1985 586 2047 Remenerum
602 1983 723 2063 cupide
737 1983 986 2063 exspectebant

575 2197 761 2261 LESSON
797 2210 855 2276 105

449 2340 515 2407 The
537 2342 687 2406 Romans
709 2363 767 2420 are
788 2340 986 2406 Ambuslzed

203 2477 257 2544 Ita
272 2481 401 2544 factum
417 2490 469 2543 est
486 2489 533 2554 ut,
550 2499 625 2541 cum
650 2478 755 2541 maior
772 2500 851 2560 pars
870 2479 1014 2559 agminis
1036 2480 1265 2543 Remenerum

160 2584 194 2648 in
222 2605 378 2666 magnam
408 2583 528 2646 vallem
559 2582 798 2658 descendisset,
827 2584 916 2648 Galli
941 2583 1051 2646 subite
1081 2590 1101 2646 e
1129 2583 1267 2648 latebris

207 2734 229 2772 1.
255 2720 407 2771 timendum
442 2733 516 2770 esse:
554 2715 624 2770 need
659 2716 689 2770 be
800 2733 825 2781 5.
851 2719 972 2782 vigiliIs:
995 2735 1035 2770 we
1048 2715 1140 2771 would
1152 2735 1201 2787 say
1215 2719 1268 2770 “in

159 2799 272 2872 feured,
294 2816 310 2852 a
335 2814 465 2852 common
489 2797 562 2851 force
588 2795 620 2850 os
640 2797 688 2850 the
738 2798 947 2852 wakefulness.”
992 2797 1078 2851 What
1102 2797 1127 2852 is
1150 2797 1267 2852 another

160 2878 317 2951 gerundive,
328 2896 384 2947 esp.
393 2877 423 2930 in
431 2877 558 2948 negative
565 2877 687 2946 phrases.
739 2879 868 2949 meaning
880 2877 912 2932 of
920 2877 976 2931 this
989 2877 1088 2932 word?

161 2960 222 3014 The
235 2959 350 3013 indirect
360 2958 499 3013 discourse
508 2965 537 3011 at
546 2957 601 3011 this
610 2957 688 3026 point
800 2966 825 3012 6.
851 2961 1022 3025 colligerent:
1042 2960 1148 3027 collige,
1158 2975 1184 3028 3,
1194 2961 1269 3027 degi,

161 3040 249 3095 isdue
266 3048 296 3094 to
310 3041 358 3094 the
370 3040 432 3093 idea
445 3038 477 3094 of
487 3038 586 3109 saying
600 3040 688 3110 (dixe-
739 3043 844 3108 lectus,
848 3046 895 3112 get
903 3040 1029 3110 together.
1055 3039 1205 3094 Translate
1214 3039 1269 3093 this

160 3121 237 3190 nint)
248 3120 360 3190 implied
367 3121 396 3174 in
403 3123 504 3174 horteti
513 3122 584 3185 sunt,
593 3136 618 3188 p.
630 3132 688 3184 127,
739 3122 829 3176 clause
842 3121 880 3192 by
891 3137 908 3174 a
920 3120 1015 3190 partic.
1030 3121 1141 3190 phrase.

160 3201 180 3255 l.
194 3205 379 3270 15.—modo:
399 3201 507 3256 consult
520 3199 566 3253 the
579 3198 686 3253 Vocab.
802 3221 826 3268 7.
853 3204 1072 3268 relinquendum:
1106 3217 1146 3255 sc.
1179 3203 1268 3268 essen

160 3282 249 3336 under
274 3283 434 3335 si.-idem
460 3283 618 3348 proberent:
646 3280 688 3331 tle.
741 3283 784 3338 1¹01·
801 3284 893 3350 m00d‚
909 3284 943 3338 cf.
962 3287 1045 3350 osset,
1061 3299 1090 3352 p.
1111 3281 1169 3347 126,
1186 3280 1207 3334 l.
1227 3293 1267 3349 ις.

160 3362 261 3417 should
276 3377 358 3432 agree
375 3366 450 3432 upon
470 3378 520 3414 one
535 3361 608 3430 plan
617 3376 628 3423 ,·
647 3358 689 3412 lit.
740 3370 846 3419 -autg
866 3355 907 3419 we'
919 3363 1010 3418 would
1023 3379 1072 3433 say
1085 3361 1196 3416 “and”

161 3443 252 3497 what?
803 3455 828 3499 8.
854 3447 1028 3512 longissime:
1048 3443 1114 3510 and,
1126 3441 1268 3509 therefore.

206 3541 231 3577 2.
257 3525 441 3577 dissensione:
461 3521 692 3590 dissensle,·enle,
741 3527 902 3597 strugglz'ng.

161 3605 420 3675 1².,a¹isagreement.
789 3626 828 3660 11.
854 3623 915 3660 cum
931 3608 1067 3672 operiret:
1086 3601 1121 3658 ef.
1134 3602 1183 3657 the
1199 3617 1266 3656 cum·

206 3703 231 3749 4.
258 3688 361 3737 mitum
390 3688 439 3737 iri:
477 3684 551 3738 what
576 3689 637 3754 part
664 3678 694 3734 ol
742 3687 833 3743 clause
846 3686 905 3740 inl.
920 3685 947 3740 6.

162 3766 210 3821 the
222 3765 308 3820 verb?
