2700 4186
163 241 201 306 16
486 241 599 298 FIRST
624 241 746 298 carru
773 215 942 298 annona

160 443 302 505 semper,
320 422 409 505 quod
434 424 486 486 hic
503 424 637 485 demum
663 431 680 485 ἐ
703 429 781 484 navi
801 427 927 502 egressi
944 433 1020 485 sunt
1038 424 1189 486 Britanni
1204 425 1258 497 illi,

160 534 218 612 qui
233 533 350 610 postea
366 526 508 590 maiores
525 533 776 609 peregrinantes
793 526 953 608 appellati
969 537 1054 589 sunt.

584 780 768 845 LESSON
804 796 843 858 14

500 940 531 1005 A
559 941 719 1004 Soldz'ea's
743 938 913 1023 Courtslujo

205 1097 328 1162 Hieme
344 1095 493 1180 proxima
509 1094 625 1158 morbo
643 1104 701 1158 aut
714 1095 812 1168 ¹fame
831 1095 939 1157 coloni
955 1096 1142 1176 complures
1159 1097 1261 1178 perie-

159 1209 246 1276 runt,
264 1207 404 1283 quorum
419 1202 454 1262 in
469 1207 609 1262 numero
630 1207 701 1261 erat
724 1197 874 1263 Standisi
896 1218 1029 1280 quoque
1049 1220 1138 1262 uxor.
1188 1199 1258 1272 Ille,

136 1313 260 1383 5ux6re
286 1309 424 1378 mortua,
450 1303 484 1365 in
508 1301 753 1365 matrimonium
785 1301 918 1364 volebat
945 1302 1067 1365 ducere
1091 1302 1259 1384 quandam

160 1409 305 1490 puellam
329 1407 514 1489 pulchram,
531 1406 585 1470 cui
608 1416 679 1469 erat
702 1413 826 1468 nomen
851 1405 1015 1482 Prissilla;
1041 1406 1108 1481 sed,
1126 1426 1200 1468 cum
1224 1413 1261 1468 se

160 1521 298 1574 sentiret
320 1511 457 1574 militem
483 1531 639 1592 asperum
665 1529 749 1585 esse,
779 1529 847 1571 rem
875 1511 947 1591 ipse
974 1516 1116 1572 tractare
1143 1509 1258 1585 noluit,

158 1617 379 1697 iuvenemque
396 1615 562 1697 quendam
580 1616 676 1689 misit,
694 1623 752 1696 qui
767 1614 898 1695 puellae
909 1624 1039 1694 patrem
1056 1622 1258 1677 conveniret.

204 1719 348 1795 Iuvenis
365 1726 422 1802 qui
437 1720 525 1782 forte
540 1719 612 1799 ipse
628 1738 761 1800 quoque
776 1716 955 1779 Prissillam
967 1724 1079 1781 amare
1092 1727 1258 1799 coeperat,

121 1831 265 1886 roamicd
280 1832 393 1886 tamen
410 1822 527 1886 deesse
543 1822 685 1885 nolebat.
721 1821 833 1903 Quare
846 1830 993 1884 maestus
1009 1822 1180 1903 profectus
1197 1832 1257 1898 est,

159 1927 342 2008 leniterque
367 1946 427 2008 per
451 1926 528 1989 iltus
553 1926 595 1988 ad
621 1925 753 2007 puellae
773 1925 908 1987 domum
932 1945 1047 1988 versus
1066 1925 1256 1989 ambulavit.

160 2030 236 2113 Quo
258 2050 335 2092 cum
358 2030 564 2112 pervenisset
587 2037 706 2111 resque
727 2040 815 2092 esset
834 2032 1013 2113 proposita,
1032 2042 1126 2113 pater
1146 2032 1256 2095 statim

158 2141 278 2196 senon
294 2134 383 2198 nolle
399 2133 488 2196 dixit.
536 2134 620 2198 Cum
638 2144 747 2196 autem
768 2134 895 2197 iuvenis
919 2155 994 2197 cum
1019 2136 1164 2200 Prissilla
1184 2138 1259 2218 ipsa

159 2238 201 2300 de
221 2237 344 2302 virtute
366 2238 469 2321 legati
491 2239 628 2319 eiusque
652 2237 750 2300 rebus
775 2245 879 2318 gestis
903 2238 1101 2321 loqueretur,
1122 2241 1178 2303 illa
1202 2241 1257 2304 diu

119 2363 147 2416 15
158 2342 259 2405 tacita
281 2341 416 2415 audivit,
433 2352 504 2404 tum
529 2342 658 2404 ridens:
685 2341 836 2404 “Nonne
859 2350 920 2423 prd
936 2343 999 2418 te,’‘
1024 2345 1139 2426 inquit,
1165 2346 1260 2408 “dic-

157 2436 252 2509 turus
276 2466 312 2508 es
324 2446 335 2508 ?
347 2446 364 2470 ”
412 2446 488 2528 Qua
510 2453 592 2507 voce
612 2445 666 2507 ille
685 2445 903 2509 vehementer
919 2456 1105 2510 commotus
1122 2449 1258 2511 domum

158 2550 200 2611 ad
231 2548 376 2630 legatum
409 2549 514 2611 rediit.
578 2548 645 2630 Qui
676 2555 783 2628 primo
814 2556 957 2612 amicum
987 2551 1097 2614 verbis
1130 2551 1257 2616 acerbis

224 2741 247 2776 1.
268 2727 353 2788 quod:
374 2724 559 2794 conjunction.
781 2741 821 2776 11.
848 2727 977 2779 domum:
1009 2728 1144 2782 residence
1156 2747 1165 2794 3
1193 2729 1258 2782 with

222 2822 248 2857 a.
268 2806 397 2857 maiores:
418 2820 449 2857 as
459 2821 542 2870 noun,
552 2804 680 2858 Fatlzers.
732 2806 841 2858 domum
853 2805 882 2858 in
894 2806 949 2860 this
960 2807 1097 2878 meaning,
1107 2809 1153 2863 the
1163 2826 1260 2879 prepo-

157 2888 418 2951 -peregrinantesz
449 2885 566 2954 Pilgrz'm
594 2888 682 2956 (pere-
732 2884 816 2941 sition
831 2894 934 2940 cannot
950 2886 986 2941 be
1001 2887 1116 2942 omitted
1131 2892 1175 2959 (as
1192 2890 1220 2942 in
1239 2891 1257 2942 l.

157 2970 254 3032 grinor,
271 2981 291 3026 1,
303 2964 399 3018 traval
407 2964 543 3032 abroad).
736 2965 794 3033 16).

220 3064 246 3111 4.
267 3049 379 3111 quorum
409 3047 437 3097 in
473 3049 604 3098 nurnero:
635 3048 680 3100 tle.
782 3064 821 3099 η.
842 3051 910 3112 qui:
930 3046 966 3102 cs.
986 3049 1033 3103 the
1053 3058 1118 3103 note
1133 3067 1170 3104 on
1192 3068 1219 3119 p.
1233 3051 1258 3119 8,

156 3143 260 3197 among
278 3126 375 3179 whom.
391 3128 579 3180 -Standisiz
605 3127 682 3180 iilius
732 3126 751 3178 l.
768 3133 919 3192 ria-res:
943 3129 1012 3199 (Iris)
1028 3131 1142 3183 errand.

156 3208 212 3261 and
226 3223 324 3276 proper
334 3223 428 3261 names
442 3207 471 3260 in
481 3210 535 3261 -ius
547 3208 602 3262 and
613 3210 682 3260 -ium
781 3225 819 3272 13.
839 3213 907 3262 non:
918 3209 982 3262 with
992 3212 1178 3263 nolle-curn
1187 3214 1260 3264 Pris-

158 3288 227 3340 have
245 3287 379 3357 regularly
394 3288 449 3342 this
469 3289 546 3342 short
564 3288 634 3342 form
653 3288 685 3342 of
732 3289 810 3341 silla:
842 3307 883 3344 we
913 3290 1003 3344 would
1034 3307 1083 3361 say
1107 3295 1157 3343 “to
1187 3294 1259 3347 Pris-

157 3367 204 3420 the
222 3383 301 3436 gen.;
324 3384 356 3421 so
378 3368 436 3422 also
458 3386 535 3423 some
553 3386 681 3423 common
732 3369 818 3422 cilla.”

116 3503 118 3508 ,
158 3462 247 3499 nouus
261 3445 377 3498 in-ium.
415 3447 529 3512 Accent,
543 3448 678 3500 Standlsi.
781 3468 820 3513 14.
840 3453 914 3503 eius:
928 3454 973 3504 alc.
986 3449 1017 3505 of
1028 3452 1258 3506 Standish.-re-

219 3533 245 3578 6.
260 3528 431 3581 cum1musal
438 3528 679 3598 conjunctiomcf,
731 3532 781 3581 bus
794 3534 894 3595 gestis:
915 3531 950 3584 cf.
964 3549 992 3600 p.
1006 3546 1032 3598 4,
1045 3532 1063 3584 l.
1078 3547 1118 3601 15·

156 3607 290 3673 however,
299 3607 346 3660 the
357 3616 421 3661 note
431 3625 467 3660 on
478 3625 505 3676 p.
521 3609 621 3673 14‚l.8.
780 3626 820 3674 15.
846 3614 933 3663 nonne
950 3631 955 3663 z
992 3615 1036 3665 ale.
1071 3617 1123 3666 non
1135 3623 1159 3673 ÷
1172 3629 1258 3666 ne.-

204 3704 244 3740 10.
265 3690 400 3739 maestus:
420 3691 453 3742 ci.
473 3687 519 3740 the
535 3688 681 3758 rendering
731 3692 851 3744 dictitas
875 3707 920 3746 es:
942 3695 1029 3762 going
1045 3699 1074 3746 to
1093 3694 1196 3763 speak3
1220 3693 1255 3747 c‘.

156 3768 188 3822 of
202 3770 299 3832 laetus,
313 3785 340 3836 p.
356 3783 381 3833 2,
394 3768 412 3820 l.
429 3769 471 3822 16.
731 3774 865 3824 rediturus
877 3776 958 3837 esset,
972 3790 999 3842 p.
1013 3787 1039 3838 4,
1052 3773 1071 3825 l.
1085 3789 1110 3844 3.
