2700 4186
159 266 198 326 24
483 249 597 306 rrusr
622 247 744 306 unrru
771 249 935 306 uununn

156 425 294 493 herbam
318 426 491 505 latuerant,
512 428 622 492 subitu
644 437 763 493 armeti
785 430 999 495 exsiluerunt.
1045 430 1114 514 Qui
1135 443 1255 510 tamen,

156 551 230 596 cum
247 532 488 596 intellexissent
505 533 643 597 Cercam
661 533 795 597 minime
811 554 885 598 esse
902 536 1061 612 territum,
1080 538 1173 599 humi
1188 547 1256 601 tum

149 637 313 700 >sederunt
333 637 539 718 couciliuque
562 636 677 701 habitu
699 638 837 719 polliciti
857 648 936 702 sunt
958 645 995 702 se
1015 640 1151 705 colunes
1170 640 1257 705 adiu·

154 747 247 805 turus
261 741 296 802 in
313 740 410 817 bellu,
427 740 516 823 quod
532 740 580 804 illi
594 761 670 805 cum
688 741 842 826 Philippu
857 743 1031 826 gerebant.

576 997 761 1065 Lussou
793 1015 831 1064 21

505 1164 572 1232 ru
595 1166 705 1230 nean
728 1165 772 1251 os
786 1165 906 1252 Philip

131 1352 145 1406 ς
198 1320 321 1388 Cerces
346 1341 423 1386 cum
449 1321 502 1385 his
528 1321 627 1386 sociis
654 1331 789 1404 suisque
814 1321 973 1386 militibus
995 1323 1062 1387 iam
1084 1331 1202 1388 omnes
1225 1324 1258 1386 in

155 1433 259 1508 partis
285 1426 348 1488 iter
374 1427 454 1489 fecit
481 1425 677 1506 per-silves,
705 1436 740 1489 et
766 1426 914 1508 undique
941 1427 1054 1490 hustes
1080 1427 1115 1489 in
1142 1428 1258 1508 lugam

154 1529 255 1593 dedit.
302 1529 416 1612 Quure
439 1537 608 1611 postremu
632 1530 806 1611 Philippus
822 1531 894 1611 ipse
912 1538 1024 1612 paucis
1040 1551 1116 1594 cum
1135 1531 1258 1595 comiti·

154 1633 216 1697 bus
233 1653 292 1715 per
307 1633 403 1696 vallis
427 1635 532 1696 multa
555 1633 645 1696 milia
668 1653 826 1714 passuum
843 1633 882 1696 in'
897 1635 1037 1715 paludes
1060 1634 1260 1717 longinquus

154 1737 274 1819 fugere
295 1745 430 1800 euectus
451 1747 521 1813 est;
546 1757 727 1819 numquam
747 1738 834 1800 enim
852 1739 977 1800 colunis
994 1745 1031 1801 se
1046 1738 1169 1803 dedere
1185 1747 1260 1802 cun-

119 1843 326 1905 costituerat:
358 1851 437 1923 quin
468 1841 568 1904 etiam
595 1841 683 1916 ulim,
710 1861 785 1904 cum
816 1842 952 1923 quidam
979 1861 1019 1905 ex
1046 1843 1117 1905 eius
1145 1851 1260 1906 amicis

156 1946 265 2008 dicere
287 1966 387 2008 ausus
409 1954 498 2008 esset
520 1951 636 2025 pecem
659 1955 799 2008 cumeis
817 1945 1006 2009 faciendam
1027 1966 1110 2021 esse,
1129 1954 1186 2009 rex
1201 1954 1260 2009 ire-

155 2059 209 2112 tus
225 2049 394 2111 hominem
417 2055 477 2111 sue
499 2055 599 2110 manu
618 2049 747 2112 occidit.
795 2050 897 2114 Cuius
914 2059 962 2112 rei
978 2049 1158 2113 acerbitate
1174 2071 1257 2113 com·

157 2162 276 2228 mutus,
306 2154 410 2215 frater
438 2160 560 2216 mortui
588 2152 699 2216 statim
728 2152 769 2215 ad
798 2153 932 2216 coluncis
963 2154 1112 2235 perfugit
1136 2161 1260 2236 eusque

156 2259 313 2322 certiures
335 2258 417 2320 fecit
439 2258 482 2320 de
505 2257 637 2339 palude,
663 2256 720 2319 ubi
745 2257 920 2338 Philippus
943 2268 1012 2320 tum
1038 2257 1171 2321 latebat.

119 2387 146 2439 ¹5
202 2362 320 2443 Itaque
333 2361 399 2422 dux
412 2362 614 2434 colunurum,
627 2370 684 2442 qui
694 2361 816 2423 multus
830 2361 900 2424 dies
913 2362 1037 2424 frustrer
1050 2369 1261 2442 quaesiverat

82 2544 83 2547 Ἴ
157 2473 270 2547 regem
291 2465 458 2546 modoque
481 2465 616 2527 domum
640 2465 785 2527 redierat
805 2475 839 2528 ut
865 2473 999 2539 uxurem
1024 2466 1261 2544 consolaretur,

156 2569 275 2633 iterum
297 2568 448 2632 celeriter
470 2570 642 2649 profectus
663 2578 723 2644 est,
742 2568 930 2650 militesque
951 2576 1028 2632 suus
1046 2589 1151 2652 prope
1170 2569 1260 2633 illam

157 2673 313 2754 paludem
331 2675 402 2736 sine
420 2678 511 2736 more
527 2674 690 2735 instruxit.
739 2672 815 2754 Quat
830 2679 867 2734 re
882 2671 1123 2748 animadversis,
1143 2672 1259 2756 Philip·

158 2797 220 2858 pus
241 2776 379 2858 eiusque
395 2778 533 2839 comites
549 2796 611 2858 per
626 2777 729 2839 valles
751 2776 884 2857 longius
900 2776 1019 2857 fugere
1036 2783 1146 2840 cunuti
1164 2788 1261 2854 sunt;

119 2887 214 2951 20rex
224 2886 304 2943 veru
320 2880 444 2956 infelix,
458 2879 663 2962 interceptus
679 2887 699 2942 ai
716 2879 874 2943 militibus
890 2881 996 2963 quiin
1013 2881 1096 2943 silve
1111 2880 1266 2948 collocuti

220 3077 244 3113 r.
269 3063 317 3126 qui
328 3063 429 3126 tamen,
442 3076 519 3115 cum:
538 3060 586 3115 but
605 3059 685 3115 wlren
736 3060 784 3114 the
806 3059 914 3114 various
932 3059 1077 3131 meanings
1094 3057 1127 3115 of
1147 3064 1197 3128 res,
1216 2997 1271 3115 secl.

161 3180 165 3191 .
193 3179 200 3195 .
228 3177 237 3195 .
261 3141 346 3211 they3
374 3140 411 3195 ci.
435 3146 490 3210 qui,
519 3157 588 3209 cum,
609 3158 637 3212 p.
659 3142 684 3208 8,
736 3141 784 3195 the
796 3140 1107 3195 Vuae-acerbitate:
1120 3143 1261 3209 acerbitas,

157 3220 176 3275 l.
193 3234 203 3275 ι
207 3236 233 3292 3.
734 3223 809 3286 uitis,
823 3235 861 3287 F..
873 3220 1032 3274 harshncss.

218 3319 245 3355 2.
270 3300 679 3372 hum1:cs.p.7‚l.4.-tum:
781 3321 820 3365 13.
847 3306 962 3355 mortui:
1022 3301 1058 3374 qt‘
1098 3300 1145 3355 the
1185 3302 1258 3357 dead

157 3399 219 3452 may
232 3381 266 3438 be
279 3382 394 3437 omitted
406 3384 436 3437 in
448 3382 620 3438 translation.
730 3381 824 3450 (mun)
834 3399 844 3448 ς
853 3381 1005 3451 part.‚used
1014 3399 1045 3436 as
1054 3398 1071 3435 a
1081 3399 1164 3448 noun,
1170 3399 1253 3438 masc.

167 3469 170 3474 “
218 3478 243 3527 5.
270 3467 343 3516 suis:
368 3462 413 3515 his
433 3481 516 3531 own5
540 3463 574 3518 cs.
597 3480 684 3531 suum,
734 3461 805 3533 sing.

156 3560 182 3615 p.
198 3556 238 3608 11,
251 3542 269 3596 l.
280 3542 306 3606 6,
319 3541 376 3596 and
389 3543 436 3597 the
450 3553 522 3598 note.
781 3549 821 3594 16.
847 3545 941 3597 modo:
963 3543 1118 3614 (but)just.

203 3640 244 3676 10.
271 3627 397 3689 quidam:
417 3641 436 3676 a
448 3627 554 3677 certain
567 3641 626 3678 one.
780 3630 821 3676 18.
848 3629 902 3689 que
911 3629 954 3677 re:
975 3623 1009 3678 cs.
1020 3641 1047 3694 p.
1061 3638 1103 3684 20,
1113 3622 1132 3678 l.
1148 3637 1191 3692 19.

204 3721 244 3756 rr.
272 3706 424 3757 hominem:
452 3703 486 3758 cs.
508 3721 536 3773 p.
558 3719 601 3769 20,
621 3704 639 3756 l.
654 3718 680 3770 4.
779 3721 821 3756 20.
847 3708 926 3757 veru:
949 3706 993 3758 ric.
1014 3705 1261 3758 tamem-infelix

161 3789 262 3837 -sua'r
287 3783 322 3840 cf.
344 3789 410 3850 suis,
439 3783 457 3837 l.
487 3788 616 3853 5.—rei=
642 3782 684 3839 for
736 3785 823 3852 (icis,
836 3785 924 3849 adil:
945 3778 1115 3840 ill-starrcd.¹
