2700 4186
476 234 591 309 irrisu
616 251 738 308 maru
766 207 931 311 mansu

565 517 751 586 LESSON
787 535 822 587 11

563 703 679 786 Hemy
700 703 843 769 Hudson

197 890 273 954 Hoc
296 889 369 954 fere
390 898 543 971 tempore
568 889 693 963 Batavi,
720 895 778 970 qui
799 888 957 953 volebant
979 888 1068 952 viam
1093 888 1252 965 invenire,

151 1001 218 1076 qua
233 995 356 1057 circum
375 993 545 1074 Europam
558 993 600 1055 ad
617 992 736 1054 Asiam
749 991 900 1074 navigari
913 1002 1035 1074 posset,
1052 1000 1253 1074 paraverunt

151 1104 280 1174 navem,
294 1097 347 1161 cui
363 1105 439 1160 erat.
450 1104 572 1159 nomen
591 1096 689 1158 Luna
706 1095 862 1171 Dimidia,
876 1105 910 1160 et
923 1096 1134 1172 Hudsonem,
1144 1097 1252 1160 virum

153 1200 391 1276 Britannicum,
408 1200 528 1264 ducem
543 1200 704 1262 fecerunt.

126 1331 140 1387 ⁵
196 1304 258 1368 ille
270 1311 377 1385 primo
393 1303 517 1367 circum
536 1305 705 1384 Europam
721 1304 882 1385 navigare
903 1304 1028 1367 frustra
1043 1310 1192 1380 conatus,
1210 1304 1253 1367 ad

151 1409 343 1472 Americam
354 1407 474 1472 deinde
484 1407 725 1489 profectusest,
734 1408 822 1489 quod
832 1407 878 1470 ibi
887 1408 1061 1471 audiverat
1070 1428 1145 1472 esse
1154 1409 1251 1483 freta,

150 1512 271 1595 quibus
286 1518 390 1575 naves
405 1513 439 1574 in
457 1511 576 1574 Asiam
598 1518 738 1574 transire
754 1521 901 1592 possent.
950 1511 1028 1594 Qus>
1042 1511 1100 1575 ubi
1116 1531 1253 1593 perven-

149 1625 220 1679 tum
244 1625 304 1692 est‚
329 1615 434 1680 multa
458 1615 547 1678 milia
571 1635 729 1697 passuum
754 1616 937 1678 secundum
962 1616 1037 1679 litus
1062 1615 1250 1697 navigavit3

151 1740 292 1802 cumque
309 1720 382 1783 loca
399 1719 502 1782 multa
517 1719 732 1801 explorasset,
751 1726 921 1800 postremo
936 1720 1089 1802 pervenit
1105 1720 1147 1782 ad
1166 1726 1252 1783 insu-

112 1851 141 1890 ιο
150 1826 226 1898 lam,
243 1823 301 1886 ubi
316 1843 407 1886 nunc
422 1832 473 1886 est
488 1823 658 1905 oppidum,
673 1823 762 1905 quod
780 1821 966 1886 Eboracum
985 1823 1119 1887 Novum
1136 1822 1245 1904 appel·

150 1929 245 1992 latur.
294 1929 360 1990 Hic
378 1928 455 1990 Indi
470 1926 580 1990 subito
595 1927 703 1990 adorti
717 1936 795 1990 sunt
811 1933 939 2002 nautas,
953 1934 1010 2009 qui
1025 1947 1101 1990 cum
1117 1926 1252 2008 scaphis

149 2041 281 2114 portum
314 2030 541 2114 explorabant,
577 2031 774 2113 sagittisque
808 2029 977 2094 hominem
1011 2030 1251 2094 interfecerunt

150 2144 263 2200 unum.

194 2241 271 2324 Quo
286 2223 388 2317 facto,
404 2239 472 2303 dux
487 2239 571 2304 duos
585 2240 689 2303 Indos
704 2238 815 2321 rapuit
826 2246 1014 2321 navemque
1026 2237 1252 2303 conseendere

112 2363 139 2420 ¹⁵
150 2344 268 2425 coegit.
314 2344 402 2406 Tum
418 2344 527 2406 insula
542 2344 666 2419 relicta,
683 2343 825 2406 adverso
840 2343 976 2406 flumine
993 2342 1164 2424 profectus
1181 2351 1250 2419 est;

150 2468 225 2512 cum
242 2457 352 2511 autem
366 2449 455 2511 haud
469 2448 521 2510 lon
526 2455 569 2529 ge
580 2447 779 2529 navigasset,
794 2454 917 2527 captivi
929 2454 947 2509 ἓ
960 2453 1037 2509 navi
1052 2452 1089 2509 se
1103 2448 1253 2511 iecerunt

150 2551 184 2614 in
199 2571 330 2634 aquam,
347 2560 381 2615 et
396 2552 507 2614 nando
528 2551 569 2613 ad
592 2561 696 2632 ripam
718 2550 901 2613 incolumes
919 2557 1151 2631 pervenerunt.
1199 2550 1252 2613 In-

150 2656 246 2720 terim
269 2656 364 2718 nivis
387 2655 504 2718 leniter
528 2654 812 2736 progrediebatur,
837 2674 980 2735 moxque
1006 2655 1041 2715 in
1068 2660 1251 2736 conspectu

149 2767 246 2822 erant
268 2766 408 2834 montes,
427 2767 567 2840 quorum
590 2759 720 2822 incolae
741 2759 949 2822 frumentum
973 2756 1154 2839 copiasque
1169 2757 1250 2821 alias

112 2859 260 2927 ronaut'is
276 2862 417 2926 libenter
432 2863 663 2926 vendiderunt„

196 3074 221 3110 r.
246 3058 297 3110 hbe
312 3094 319 3109 .
336 3094 343 3110 .
359 3059 516 3122 .tempore:
545 3053 587 3110 ior
611 3073 677 3128 syn·
787 3072 814 3120 9.
840 3069 902 3109 eum
934 3057 1118 3122 explorasset:
1146 3055 1249 3127 havrirg

150 3145 206 3206 tax,
236 3135 272 3192 cf.
304 3139 361 3190 illis
385 3139 561 3209 temporibus,
591 3154 619 3207 p.
654 3150 677 3204 1,
726 3136 864 3206 explorari.
909 3137 965 3190 For
988 3135 1034 3191 the
1058 3135 1127 3191 form
1153 3137 1185 3190 of
1205 3136 1251 3192 the

150 3217 168 3272 1.
181 3234 206 3290 9.
727 3216 802 3283 verb,
814 3214 848 3270 cf.
862 3218 1029 3283 navigasset,
1042 3233 1070 3286 p.
1085 3232 1109 3285 3,
1122 3216 1142 3270 1.
1156 3230 1180 3269 1.

195 3316 220 3352 a.
246 3301 371 3365 nivigiri
383 3303 491 3366 posset:
510 3299 552 3352 lit.
566 3298 681 3352 &could
774 3314 814 3361 14.
841 3300 909 3363 quo:
927 3297 984 3351 this
998 3297 1113 3370 (noun).

150 3379 181 3434 be
202 3378 306 3445 sar'ledf
327 3377 361 3434 cf.
373 3380 422 3433 the
438 3379 603 3449 impersonal
616 3395 679 3448 pas·
775 3393 814 3442 15.
840 3379 1099 3432 adversumne:
1121 3375 1157 3431 cf.
1178 3393 1205 3447 p.
1227 3375 1253 3440 6,

151 3459 211 3515 rive
244 3460 405 3525 murrum
441 3463 508 3526 erat,
542 3476 570 3530 p.
602 3473 624 3526 1,
660 3459 678 3511 l.
729 3457 748 3512 l.
766 3473 806 3512 12.

153 3553 195 3595 tt.
775 3556 815 3603 17.
842 3543 946 3595 nandi:
977 3538 1092 3610 gerund,
1111 3539 1143 3608 by
1162 3540 1255 3591 surim·

195 3637 222 3684 3.
248 3621 384 3676 brintum
413 3619 497 3693 Half
524 3621 677 3692 (dimidius,
729 3614 825 3690 mingf
843 3621 892 3676 the
903 3620 1003 3689 phrase
1018 3621 1108 3673 mdo
1125 3658 1132 3672 .
1148 3657 1156 3672 .
1172 3633 1255 3686 ‚pen

152 3715 189 3767 -ι,
200 3699 284 3769 um).
729 3703 860 3754 venerunt
878 3715 941 3769 may
958 3699 993 3753 be
1013 3699 1148 3754 rendered
1172 3698 1254 3771 My

196 3796 221 3842 7·
247 3784 315 3847 quo:
334 3779 369 3835 cf.
381 3797 409 3850 p.
424 3781 448 3848 8,
461 3779 481 3834 l.
497 3794 537 3848 14
729 3782 863 3836 “swam“
