2700 4186
490 215 603 274 FIRST
628 217 750 275 LATIN
776 215 941 275 READER

586 451 770 518 LESSON
802 453 845 515 66

490 636 553 700 lee
575 636 660 701 End
677 639 717 718 of
734 636 786 698 tlte
806 636 951 719 Pequots

208 801 309 864 Nerio
335 801 494 864 Indorum
518 799 755 872 crudelissima,
773 819 858 879 quae
880 799 970 863 haud
992 801 1107 884 procul
1126 808 1146 864 ἒ
1167 802 1268 866 Νονὸ

164 905 332 968 Londinio
348 903 528 979 habitdbat
545 903 712 985 quondam
733 902 870 965 insidiis
890 904 1052 968 collocdre
1071 925 1111 968 ac
1130 906 1269 970 colonos

163 1011 312 1090 singulos
336 1008 483 1090 undique
506 1008 692 1070 interlicere
716 1005 827 1067 subito
850 1007 968 1088 coepit.
1016 1008 1147 1090 Quibus
1169 1009 1269 1074 rebus

163 1116 330 1188 nuntiatis,
346 1111 545 1194 §provincia
564 1110 712 1191 proximi
729 1129 846 1172 manus
859 1109 978 1191 exigua
992 1110 1092 1174 missa
1104 1121 1165 1188 est,
1179 1133 1268 1195 quae

140 1219 315 1299 sagricolis
338 1217 460 1280 auxilio
482 1226 571 1279 esset
595 1221 788 1296 poenisque
811 1213 853 1276 ab
877 1215 970 1276 Indis
993 1225 1170 1297 repeteret.
1216 1219 1269 1283 At

162 1323 282 1385 milites
305 1322 404 1403 longe
428 1327 447 1382 ἑ
471 1321 565 1382 lItore
589 1318 746 1400 progredi
770 1325 836 1380 non
860 1318 1046 1396 audebant3
1074 1327 1131 1402 qui
1153 1321 1266 1402 igitur,

163 1435 265 1508 parvo
284 1427 443 1488 frumenti
461 1430 600 1486 numero
621 1423 751 1503 direpto
772 1421 1060 1504 tabernaculisque
1082 1434 1198 1505 paucis
1219 1425 1268 1488 in·

80 1538 82 1543 '
146 1536 279 1606 censis,
294 1530 447 1592 elinibus
463 1529 607 1592 hostium
626 1529 719 1590 brevi
734 1527 869 1590 domum
886 1534 923 1590 se
937 1534 1145 1610 receperunt.
1188 1531 1267 1593 Bar-

161 1634 233 1697 bari
247 1641 335 1710 vero,
353 1636 414 1697 hic
434 1633 553 1697 iniuriat
575 1633 721 1715 graviter
739 1641 890 1715 permoti,
908 1631 1063 1697 incendia
1083 1653 1121 1695 ac
1143 1635 1266 1700 caedes

123 1760 153 1797 ιο
162 1739 307 1821 undique
323 1738 422 1801 etiam
439 1738 604 1802 crudelius
620 1737 684 1799 iam
702 1738 915 1800 miscuerunt.

205 1843 292 1904 Tum
316 1841 459 1924 denique
483 1849 502 1904 ὃ
524 1841 695 1923 ρῐόνίηοίᾶ
719 1843 821 1904 missa
842 1851 892 1903 est
914 1840 1040 1919 classis,
1056 1843 1150 1906 cuius
1173 1863 1267 1925 prae-

161 1947 271 2009 fectus
286 1945 394 2009 iussus
411 1955 482 2009 erat
498 1947 618 2008 milites
637 1953 803 2028 exponere
820 1945 851 2007 in
871 1945 1014 2027 quodam
1031 1954 1128 2028 portu
1149 1956 1265 2030 parvo,

162 2059 219 2132 qui
233 2049 322 2112 haud
346 2049 447 2131 longe
461 2057 481 2112 ἃ
497 2060 613 2113 castris
631 2050 791 2113 Indorum
813 2049 937 2114 aberat.
986 2049 1047 2114 Ille
1070 2061 1191 2129 autem,
1208 2053 1267 2116 ho

161 2160 227 2216 stes
244 2153 290 2216 ita
305 2154 478 2217 consilium
495 2175 591 2216 suum
611 2156 711 2218 facile
732 2163 935 2236 cognoscere
954 2175 1054 2237 posse
1075 2155 1265 2231 arbitritus

122 2271 150 2324 ι5
162 2268 294 2338 praeter
304 2257 395 2320 illum
414 2268 544 2340 portum
563 2259 742 2339 navigavit,
756 2279 899 2341 cumque
915 2257 1030 2322 classis
1047 2267 1265 2342 &conspectu

161 2361 376 2425 barbarorum
401 2364 499 2443 longe
523 2363 740 2438 discessisset,
758 2372 829 2425 tum
848 2363 982 2425 demum
1002 2370 1104 2426 noves
1124 2365 1167 2427 ad
1187 2364 1266 2428 litus

160 2466 298 2547 appulit.
348 2466 479 2530 Deinde
498 2467 531 2527 in
550 2476 672 2529 terram
693 2475 857 2548 egressus,
875 2466 947 2528 sine
969 2473 1059 2529 mori
1083 2488 1142 2548 per
1162 2467 1266 2533 silvr'ts

158 2569 213 2632 vii
229 2569 326 2631 devii
342 2589 415 2630 cum
434 2569 579 2632 exercitu
596 2571 769 2651 profectus
785 2580 845 2644 est,
860 2579 897 2632 ut
912 2576 932 2631 ἒ
946 2578 1042 2650 tergo
1058 2570 1171 2635 hostes
1188 2572 1267 2636 ado-

160 2680 287 2735 riretur.
336 2673 376 2734 In
399 2673 517 2736 itinere
544 2673 706 2754 quisdam
735 2672 896 2736 Indorum
923 2672 1075 2736 nitionfis
1102 2674 1266 2740 finitimis

118 2775 286 2852 eoadiit,e
316 2776 437 2859 quibus
469 2775 564 2838 multi
589 2783 710 2839 armati
735 2797 870 2859 operam
895 2795 989 2839 suam
1014 2775 1151 2857 polliciti
1174 2787 1264 2844 sunt.

222 2956 246 3005 5.
272 2942 390 2994 auxilio:
420 2939 455 2995 cf.
484 2945 553 3009 usui,
583 2960 610 3013 p.
644 2956 686 3010 77,
784 2960 824 2995 rr.
851 2941 1005 3008 provincis:
1033 2934 1079 2996 tle.
1096 2945 1191 2997 eidem
1204 2947 1267 3012 pro-

157 3020 178 3074 1.
190 3036 233 3088 20,
242 3021 298 3074 and
311 3039 357 3076 see
370 3021 417 3076 the
426 3023 532 3076 Vocab.
542 3028 686 3089 -poenis
737 3024 836 3076 vincli.

163 3139 169 3155 .
191 3139 197 3153 .
220 3141 227 3154 .
247 3106 396 3167 repeteret:
417 3100 450 3156 cf.
463 3119 491 3172 p.
507 3119 548 3174 39,
562 3104 581 3157 l.
597 3119 622 3156 2.
783 3122 823 3157 12.
850 3104 940 3157 iussus
953 3107 1026 3158 orat:
1047 3105 1088 3159 tle.
1101 3123 1161 3158 was
1173 3107 1269 3161 under

221 3199 246 3247 7.
272 3187 395 3236 numero:
463 3189 587 3236 amount.
601 3186 686 3239 -u-
736 3185 1043 3251 ardere-exponere:
1086 3189 1211 3253 expono„
1239 3203 1267 3256 3,

158 3267 249 3328 reptdz
281 3265 387 3329 diripio,
412 3280 437 3333 3,
461 3265 685 3331 ·ripu1‚-reptus,
736 3269 834 3333 posui,
847 3267 973 3335 -positus,
985 3263 1063 3321 land.

161 3342 461 3415 plunder(cf.rapio).
782 3364 821 3410 14.
849 3347 905 3399 ita:
942 3348 988 3401 i.e.
1014 3346 1039 3400 if
1070 3346 1106 3403 he
1136 3342 1266 3402 followed

220 3441 244 3488 9.
271 3425 395 3478 incendia
409 3463 415 3478 .
429 3462 436 3478 .
450 3428 577 3479 caedes:
597 3434 685 3481 trans·
735 3426 877 3481 orders—
885 3441 965 3493 posse
974 3446 980 3480 ε
989 3426 1024 3482 cf.
1036 3436 1144 3496 note‚p.
1155 3427 1224 3495 23‚l.
1235 3445 1263 3498 9.

158 3504 405 3577 lateassingulars.
431 3506 510 3560 With
530 3509 685 3560 incendium
781 3515 821 3560 18.
847 3508 894 3560 vii
922 3509 1018 3562 devii:
1043 3507 1079 3563 cf.
1097 3508 1151 3560 viis
1166 3509 1265 3575 deviis,

157 3583 328 3639 clincendfi.
734 3605 761 3658 p.
788 3602 831 3656 43,
856 3588 874 3640 l.
903 3588 1000 3642 6.-t
1029 3591 1121 3654 tergo:
1150 3587 1185 3643 cf.
1216 3589 1266 3643 the

203 3684 241 3719 ιο.
264 3667 416 3720 crudelius:
439 3667 588 3734 crudeliter,
608 3667 662 3720 adv
675 3706 681 3734 ,
733 3685 781 3722 use
794 3667 826 3722 of
834 3684 868 3720 ex
880 3668 909 3721 in
922 3667 970 3724 the
978 3667 1080 3740 phrase
1091 3669 1218 3723 omnibus
1231 3684 1267 3723 οι

154 3745 292 3817 ravagelyn
733 3749 867 3818 partibus.
