2700 4186
513 247 627 304 arasa
652 248 774 305 marn
801 249 964 305 ananan
1248 246 1289 330 69

190 430 323 494 vulnere
338 429 426 493 intra
442 437 571 510 portam
589 428 717 490 castelli
731 438 867 508 recepta
883 438 942 500 est,
961 430 1136 510 colrinique
1153 430 1290 510 pulvere

190 532 350 597 sublevati
382 533 527 613 impetis
568 531 726 594 Ind6rum
766 533 946 612 potuerunt
977 533 1150 606 sustinere,
1182 533 1290 595 drinec

189 646 284 699 amici
300 636 403 698 auxili
426 635 557 697 ferendi
579 641 681 697 causa
704 653 744 696 ex
766 633 899 716 oppidis
921 633 1074 698 finitimis
1097 635 1302 717 trequentes

187 746 422 804 convenerunt.

610 907 794 972 LESSON
828 919 870 988 59

452 1075 482 1138 Α
508 1075 620 1137 Battle
641 1073 782 1156 against·
803 1072 906 1138 Great
931 1071 1024 1141 Oddr

102 1141 112 1174 s

144 1239 177 1292 5
230 1231 272 1293 In
288 1230 433 1312 qucidam
451 1231 523 1292 lacti
538 1229 689 1303 maximi),
704 1229 797 1290 cuius
810 1229 844 1290 in
860 1229 954 1291 litore
971 1227 1116 1310 positum
1128 1241 1180 1294 est
1194 1230 1289 1312 oppi-

187 1333 263 1395 dum
287 1333 561 1413 Taeconderriga,
578 1332 698 1394 acriter
721 1333 889 1414 quondam
914 1330 956 1394 ab
980 1333 1189 1395 Americanis
1213 1353 1288 1395 curn

189 1436 356 1499 Britannis
378 1443 564 1517 pugnatum
586 1444 646 1498 est.
694 1435 905 1498 Americanis
927 1455 1050 1517 parvae
1072 1445 1167 1498 erant
1186 1443 1291 1499 naves

188 1551 221 1604 et
239 1560 389 1622 paucae;
413 1550 448 1603 at
468 1539 535 1601 dux
552 1540 775 1613 Britannicus,
793 1546 850 1619 qui
869 1538 968 1601 facile
985 1546 1003 1600 ἑ
1020 1540 1157 1604 Canadai
1176 1541 1289 1621 ccipias

189 1644 318 1707 adferre
340 1652 480 1725 poterat,
498 1643 619 1705 multas
638 1649 741 1704 nives
762 1641 880 1722 longas
902 1649 1031 1705 summa
1052 1643 1223 1723 diligentia
1243 1651 1290 1707 in·

118 1755 328 1810 tostmctas
352 1752 547 1828 paraveram
579 1753 615 1808 se
637 1746 727 1809 enim
751 1746 1048 1826 Taeconderngam
1071 1746 1164 1810 brevi
1190 1767 1289 1829 expu-

189 1858 366 1931 gnatrirum
390 1850 555 1932 sperabat.

231 1955 418 2036 Imperator
439 1964 552 2017 tamen
578 1955 779 2031 colrinrirum,
802 1953 853 2017 vir
876 1955 1039 2019 maximae
1060 1955 1201 2031 virtfitiS,
1227 1963 1290 2019 etsi

188 2066 325 2122 numeri>
348 2068 420 2120 erat
445 2059 549 2120 multi>
569 2058 715 2134 inferior,
737 2057 944 2121 committere
968 2059 1130 2139 proelium
1154 2059 1290 2122 minime

188 2161 364 2236 dubitavit3
391 2161 450 2224 sed
471 2180 546 2224 cum
569 2161 666 2224 hrirais
694 2162 815 2224 multas
834 2171 923 2224 esset
946 2168 1133 2243 pugnaturn
1157 2183 1288 2244 noxque

119 2264 251 2334 ¹siam
272 2266 415 2341 adesset,
432 2272 534 2332 naves
550 2265 606 2328 vix
623 2265 751 2328 nabant
772 2265 1005 2340 Americanae,
1028 2266 1159 2346 telaque
1180 2286 1289 2347 paene

189 2367 388 2432 defecerant.
436 2369 514 2450 Qui>
529 2368 662 2451 quidem
681 2377 833 2450 tempore
851 2367 1010 2442 Britanni,
1028 2378 1161 2432 noctem
1183 2371 1287 2446 veriti,

189 2472 312 2552 proelii)
331 2471 549 2549 destiterunt3
574 2472 633 2534 sed
650 2472 693 2535 ad
713 2492 869 2535 ancoram
886 2472 977 2535 haud
998 2472 1114 2555 procul
1133 2473 1289 2537 crinsiste·

189 2573 275 2651 bant,
292 2583 337 2639 ne
351 2577 461 2638 colrini
475 2595 537 2657 per
552 2576 706 2638 tenebras
723 2577 875 2657 effugere
891 2582 1100 2641 cinerentur.

229 2679 278 2743 At
288 2680 482 2743 Americani
491 2691 590 2742 nocte
602 2680 813 2762 intempesta,
826 2681 968 2743 lucernis
979 2689 1142 2757 extinctis,
1157 2683 1288 2746 silentis]

119 2783 349 2846 aodederunt
360 2785 443 2858 vela,
457 2794 491 2846 et
507 2792 630 2863 magni)
646 2785 783 2847 circuitri
799 2785 911 2847 hostes
923 2793 1120 2848 vitaverunt.
1170 2787 1287 2869 Itaque

190 2894 292 2964 mane,
326 2907 401 2950 cum
436 2888 589 2949 Britanni
617 2887 779 2969 proelium
809 2888 1036 2969 redintegrare
1071 2889 1204 2964 vellent,
1234 2891 1287 2952 vix

189 2988 219 3052 in
242 2997 423 3072 crinspectfi
444 2999 514 3053 erat
539 2992 633 3052 navis
660 2992 746 3068 filla3
778 2999 883 3074 quare
905 2993 961 3067 illi,
985 3002 1115 3054 ancoris
1138 2993 1285 3067 sublatis,

190 3100 315 3156 summai
347 3094 514 3158 celeritate
551 3102 681 3176 insequi
717 3103 909 3177 coeperunt.
967 3095 1145 3176 Postquam
1175 3105 1285 3158 autem

190 3195 403 3261 Americanris
434 3198 602 3280 fugientes
634 3218 740 3280 paene
770 3200 922 3263 adsecriti
952 3209 1038 3276 sunt,
1070 3198 1217 3262 crinstitit
1246 3220 1286 3263 ea

245 3379 268 3414 a.
294 3363 445 3414 subierim:
468 3364 587 3428 subieri,
606 3377 628 3428 1,
647 3361 710 3434 help
807 3379 847 3428 17.
873 3364 989 3429 proelii:
1035 3362 1079 3417 ior
1111 3370 1218 3433 syntax,
1248 3363 1284 3418 cf.

190 3446 238 3494 ota.
760 3447 865 3511 cerriti,
878 3461 906 3512 p.
921 3459 962 3509 21,
976 3445 994 3496 l.
1010 3459 1035 3512 3.

244 3529 269 3577 6.
296 3525 478 3576 Amencanrs:
500 3523 555 3576 dat.
570 3540 642 3577 case.
807 3542 847 3589 1⁹·
874 3527 1005 3577 lucernis:
1031 3528 1148 3588 lucerna,
1174 3540 1227 3591 -ae,
1250 3539 1284 3594 F,
1308 3580 1310 3584 ,

245 3621 270 3668 9.
297 3607 460 3656 instructas:
480 3604 622 3672 cquippcd.
760 3603 882 3658 lantern.

231 3701 269 3737 ια.
296 3683 574 3736 maximaevirtritist
595 3681 630 3738 ef.
647 3686 708 3737 tan·
805 3701 846 3747 24.
873 3683 1026 3747 rugientes:
1069 3684 1212 3754 participle
1256 3701 1286 3738 as

193 3762 232 3814 tae
242 3765 362 3826 virtiitia,
374 3780 402 3833 p.
417 3763 459 3824 62,
472 3764 491 3816 1.
508 3777 547 3828 14
760 3762 814 3833 adj.
