2700 4186
421 243 534 302 arasa
560 244 681 303 inim
707 244 871 301 ananan
1155 259 1192 324 23

94 426 259 489 interfecti
274 436 370 500 sunt3
395 424 583 489 Standisius
605 424 693 488 enim
710 425 774 486 iam
792 425 917 505 pridem
936 434 1084 489 mortuus
1103 435 1193 487 erat:

95 530 147 592 sed
164 537 337 610 postreme
353 529 420 592 dux
436 528 519 592 alius
535 530 689 591 inventus
705 539 765 603 est,
779 536 836 610 qui
848 527 989 591 feliciter
1004 547 1080 590 cum
1099 528 1192 592 Indis

93 633 214 697 bellum
230 652 349 714 gerere
365 633 499 696 sciebat

519 911 714 978 LESSON·
735 927 778 976 20

496 1078 636 1167 Captain
661 1081 786 1148 Churclt

132 1244 268 1320 Cerces,
282 1254 339 1326 qui
353 1244 418 1307 iam
436 1244 503 1306 dux
518 1245 710 1308 colenerum
723 1245 834 1308 lactus
849 1252 910 1320 est,
923 1251 992 1307 nen
1004 1243 1103 1307 modo
1116 1264 1190 1308 cum

67 1348 242 1430 5h0stibus
265 1348 406 1411 feliciter
432 1348 555 1425 bellum
583 1368 700 1430 gerere
723 1340 941 1423 sciebat‚'sed
964 1349 1064 1411 etiam
1089 1349 1191 1411 Indes

90 1450 258 1515 interdum
286 1453 393 1514 socies
417 1451 479 1514 sibi
502 1462 664 1515 asciscere
692 1453 808 1534 potuit.
856 1451 933 1534 Que
960 1451 1099 1514 censilib
1113 1452 1191 1514 elim

90 1556 272 1637 profectus,
290 1555 331 1618 ad
349 1556 516 1637 quandam
538 1567 672 1637 gentem
691 1555 842 1637 pervenit
857 1555 947 1617 haud
964 1555 1190 1637 longinquam,

90 1660 184 1723 cuius
208 1666 343 1740 reginae
359 1659 414 1722 din
431 1661 543 1723 fuerat
565 1661 637 1742 ipse
652 1667 797 1734 amicus;
822 1667 924 1741 quare
948 1659 1103 1740 sperebat
1122 1661 1192 1722 eius

90 1764 218 1827 civibus
236 1763 335 1826 facile
359 1771 394 1826 se
418 1764 619 1846 persuedere
642 1784 751 1845 posse,
769 1773 805 1826 ut
829 1764 963 1826 colenes
987 1762 1191 1826 adiuvarent.

52 1867 144 1940 101bi
168 1876 280 1930 tamen
297 1868 339 1930 ab
358 1867 451 1931 Indis
474 1869 621 1950 impetus
643 1867 824 1931 ecerrimus
840 1868 873 1929 in
891 1867 1030 1931 Cercam
1054 1867 1192 1948 eiusque

91 1974 230 2034 comites
248 1971 359 2034 factus
378 1980 447 2045 est;
473 1979 531 2052 qui
550 1970 650 2051 igitur
668 1971 702 2033 in
723 1971 845 2052 paliide
859 1977 965 2032 coecti
986 1979 1063 2032 sunt
1079 1971 1190 2044 latere,

90 2073 198 2136 denec
225 2073 258 2134 in
282 2073 408 2154 scaphe
430 2080 596 2136 venerunt
622 2072 742 2136 milites
769 2073 966 2154 compleres,
992 2081 1048 2155 qui
1071 2082 1129 2137 ees
1152 2093 1193 2136 ex

90 2177 240 2260 periculi)
256 2177 431 2258 eriperent.

135 2281 267 2357 Cerceis,
282 2301 483 2363 quamquam
501 2281 674 2344 censilium
690 2291 760 2345 tum
778 2281 936 2364 perficere
948 2289 1016 2344 nen
1029 2290 1192 2363 potuerat,

53 2412 81 2468 ¹⁵
91 2395 269 2449 convenire
285 2395 396 2448 tamen
418 2393 566 2467 reginam
584 2386 701 2448 iterum
719 2392 832 2448 ceneri
847 2385 1025 2448 censtituit.
1075 2385 1193 2467 Itaque

91 2499 207 2572 paucis
224 2499 301 2571 post
317 2490 485 2552 mensibus
502 2497 569 2552 tine
592 2510 667 2551 cum
690 2489 792 2551 milite
817 2489 975 2570 Indisque
994 2489 1099 2552 tribus
1121 2510 1193 2570 pro-

91 2593 211 2668 iectus,
234 2592 267 2655 in
290 2592 439 2656 eiusdem
463 2595 572 2674 gentis
596 2593 683 2655 fines
707 2592 816 2655 denne
840 2592 902 2656 iter
925 2593 1022 2669 lecit3
1047 2602 1114 2675 que
1137 2593 1193 2656 ubi

91 2708 142 2760 est
158 2707 366 2777 perventum,
379 2697 555 2760 comitibus
571 2698 604 2759 in
618 2698 744 2777 scaphe
760 2696 890 2770 relictis,
905 2697 946 2758 ad
959 2705 1107 2778 reginam
1122 2698 1194 2780 ipse

92 2809 289 2883 pregressus
305 2810 364 2864 est.
412 2800 497 2866 Cum
513 2808 553 2864 ee
569 2801 647 2863 dum
669 2800 822 2882 loquitur,
842 2800 918 2862 Indi
941 2801 1044 2877 multi,
1062 2812 1119 2884 qui
1135 2823 1194 2885 per

135 2982 161 3028 3·
188 2979 292 3030 gerere:
318 2964 353 3020 cf.
373 2964 422 3019 the
444 2982 493 3019 use
517 2964 550 3019 os
570 2965 617 3019 the
667 2964 950 3033 cirrhaei-posse:
982 2966 1121 3037 replacing
1147 2967 1194 3020 the

91 3044 168 3100 infin.
179 3045 244 3098 with
257 3048 402 3113 nesciebat,
414 3063 443 3116 p.
457 3046 482 3113 8,
495 3045 512 3099 l.
526 3060 550 3098 2.
668 3045 716 3098 fut.
731 3045 819 3112 infin„
833 3045 921 3100 which
935 3045 957 3099 is
970 3046 1080 3117 lacking
1095 3047 1123 3099 in
1139 3048 1194 3101 this

136 3143 162 3190 4.
188 3129 298 3181 cereas:
334 3143 397 3197 gen.
434 3128 538 3194 cereae,
562 3135 615 3181 etc.
667 3125 743 3180 verb.

92 3209 225 3260 -modm
246 3206 292 3262 the
305 3208 375 3273 adv„
388 3207 459 3276 only.
715 3224 754 3269 14.
780 3209 884 3271 cercis,
900 3222 1079 3273 quamquam:
1100 3207 1132 3260 cf.
1147 3207 1194 3261 the

134 3303 160 3353 5.
186 3289 286 3341 etiam:
306 3287 373 3341 also.
669 3294 732 3341 note
746 3305 783 3341 on
796 3290 896 3352 hostes,
910 3303 978 3353 cum,
991 3305 1016 3357 p.
1031 3303 1073 3353 20,
1086 3287 1103 3339 l.
1123 3301 1163 3353 17.

134 3375 161 3422 6.
187 3370 289 3422 socies:
334 3366 394 3441 (as)
422 3367 618 3422 allice-cen·
714 3383 754 3431 15.
781 3372 937 3421 convenire:
966 3368 1125 3436 dependent
1156 3384 1193 3421 on

94 3451 171 3504 silibz
191 3451 294 3520 desigm
668 3450 766 3500 criniri.

136 3536 161 3583 8.
188 3533 312 3594 reginae:
341 3527 397 3582 dat.
427 3529 616 3594 case-ipse:
715 3545 755 3592 17.
781 3531 882 3582 denne:
903 3531 947 3582 τῖε.
965 3530 1193 3594 iterum-qui:

92 3609 258 3664 lta—eius:
277 3612 318 3663 tle.
332 3610 379 3663 the
392 3611 514 3678 queen's.
668 3607 704 3664 cf.
717 3626 745 3679 p.
760 3610 785 3675 8,
798 3610 814 3661 l.
831 3624 871 3675 14.

136 3710 161 3755 9.
188 3693 362 3755 persuadere:
394 3691 541 3759 persuade,
575 3691 616 3744 lit.
715 3706 755 3752 19.
781 3704 856 3742 cum:
898 3688 1077 3758 preposition.
1091 3705 1194 3756 --per:

96 3772 173 3825 make
185 3773 235 3842 (it)
246 3771 384 3842 agrccable
395 3770 497 3840 (hence
506 3770 552 3824 the
563 3771 618 3824 dat.
668 3770 783 3823 around
790 3772 831 3824 in.
