<?xml version="1.0" encoding="UTF-8"?>
<!DOCTYPE html PUBLIC "-//W3C//DTD XHTML 1.0 Transitional//EN"
    "http://www.w3.org/TR/xhtml1/DTD/xhtml1-transitional.dtd">
<html xmlns="http://www.w3.org/1999/xhtml" xml:lang="en" lang="en">
 <head>
  <title>
</title>
<meta http-equiv="Content-Type" content="text/html;charset=utf-8" />
  <meta name='ocr-system' content='tesseract 3.04.00' />
  <meta name='ocr-capabilities' content='ocr_page ocr_carea ocr_par ocr_line ocrx_word'/>
</head>
<body>
  <div class='ocr_page' id='page_1' title='image "./afirstlatinread00nuttgoog_0092.png"; bbox 0 0 2700 4186; ppageno 0'>
   <div class='ocr_carea' id='block_1_1' title="bbox 426 260 1200 342">
    <p class='ocr_par' dir='ltr' id='par_1_1' title="bbox 426 260 1200 342">
     <span class='ocr_line' id='line_1_1' title="bbox 426 260 1200 342; baseline 0.01 -26"><span class='ocrx_word' id='word_1_1' title='bbox 426 260 541 317; x_wconf 87' lang='lat' dir='ltr'>FIRST</span> <span class='ocrx_word' id='word_1_2' title='bbox 565 260 688 318; x_wconf 85' lang='lat' dir='ltr'><strong>LATIN</strong></span> <span class='ocrx_word' id='word_1_3' title='bbox 714 260 878 317; x_wconf 87' lang='lat' dir='ltr'><strong>READER</strong></span> <span class='ocrx_word' id='word_1_4' title='bbox 1164 276 1200 342; x_wconf 87' lang='lat'>71</span> 
     </span>
    </p>
   </div>
   <div class='ocr_carea' id='block_1_2' title="bbox 102 440 1204 1045">
    <p class='ocr_par' dir='ltr' id='par_1_2' title="bbox 102 440 1204 1045">
     <span class='ocr_line' id='line_1_2' title="bbox 102 440 1199 523; baseline 0 -19"><span class='ocrx_word' id='word_1_5' title='bbox 102 450 218 523; x_wconf 85' lang='lat' dir='ltr'>captus</span> <span class='ocrx_word' id='word_1_6' title='bbox 233 446 254 504; x_wconf 73' lang='lat' dir='ltr'>a</span> <span class='ocrx_word' id='word_1_7' title='bbox 269 449 373 504; x_wconf 83' lang='lat' dir='ltr'>servis</span> <span class='ocrx_word' id='word_1_8' title='bbox 389 449 459 504; x_wconf 90' lang='lat' dir='ltr'>turn</span> <span class='ocrx_word' id='word_1_9' title='bbox 477 441 559 504; x_wconf 74' lang='lat' dir='ltr'>sella</span> <span class='ocrx_word' id='word_1_10' title='bbox 571 440 750 503; x_wconf 62' lang='lat' dir='ltr'>ferebatur.</span> <span class='ocrx_word' id='word_1_11' title='bbox 798 440 867 505; x_wconf 86' lang='lat' dir='ltr'>Ubi</span> <span class='ocrx_word' id='word_1_12' title='bbox 884 441 990 504; x_wconf 75' lang='lat' dir='ltr'>sicud</span> <span class='ocrx_word' id='word_1_13' title='bbox 1007 461 1118 505; x_wconf 90' lang='lat' dir='ltr'>casam</span> <span class='ocrx_word' id='word_1_14' title='bbox 1136 441 1199 505; x_wconf 89' lang='lat' dir='ltr'>lon·</span> 
     </span>
     <span class='ocr_line' id='line_1_3' title="bbox 102 543 1202 627; baseline 0 -19"><span class='ocrx_word' id='word_1_15' title='bbox 102 545 259 627; x_wconf 84' lang='lat' dir='ltr'>ginquarn</span> <span class='ocrx_word' id='word_1_16' title='bbox 291 555 489 627; x_wconf 86' lang='lat' dir='ltr'>perventum</span> <span class='ocrx_word' id='word_1_17' title='bbox 517 555 577 620; x_wconf 87' lang='lat' dir='ltr'>est,</span> <span class='ocrx_word' id='word_1_18' title='bbox 603 552 710 608; x_wconf 74' lang='lat' dir='ltr'>mater</span> <span class='ocrx_word' id='word_1_19' title='bbox 735 543 846 608; x_wconf 76' lang='lat' dir='ltr'>subito</span> <span class='ocrx_word' id='word_1_20' title='bbox 875 545 1031 608; x_wconf 72' lang='lat' dir='ltr'>clamavit</span> <span class='ocrx_word' id='word_1_21' title='bbox 1062 567 1202 627; x_wconf 87' lang='lat' dir='ltr'>puerum</span> 
     </span>
     <span class='ocr_line' id='line_1_4' title="bbox 102 648 1204 731; baseline 0.002 -19"><span class='ocrx_word' id='word_1_22' title='bbox 102 649 262 713; x_wconf 84' lang='lat' dir='ltr'>infantem</span> <span class='ocrx_word' id='word_1_23' title='bbox 279 648 313 711; x_wconf 93' lang='lat' dir='ltr'>in</span> <span class='ocrx_word' id='word_1_24' title='bbox 332 649 470 712; x_wconf 91' lang='lat' dir='ltr'>aedibus</span> <span class='ocrx_word' id='word_1_25' title='bbox 489 648 640 712; x_wconf 87' lang='lat' dir='ltr'>relictum</span> <span class='ocrx_word' id='word_1_26' title='bbox 659 669 742 713; x_wconf 89' lang='lat' dir='ltr'>esse.</span> <span class='ocrx_word' id='word_1_27' title='bbox 791 649 868 731; x_wconf 80' lang='lat' dir='ltr'>Quo</span> <span class='ocrx_word' id='word_1_28' title='bbox 886 650 1007 726; x_wconf 81' lang='lat' dir='ltr'>audito,</span> <span class='ocrx_word' id='word_1_29' title='bbox 1026 651 1095 713; x_wconf 78' lang='lat' dir='ltr'>lilia</span> <span class='ocrx_word' id='word_1_30' title='bbox 1113 652 1204 714; x_wconf 86' lang='lat' dir='ltr'>forti·</span> 
     </span>
     <span class='ocr_line' id='line_1_5' title="bbox 102 752 1202 837; baseline 0.002 -21"><span class='ocrx_word' id='word_1_31' title='bbox 102 762 150 816; x_wconf 85' lang='lat' dir='ltr'>ter</span> <span class='ocrx_word' id='word_1_32' title='bbox 160 772 221 835; x_wconf 91' lang='lat' dir='ltr'>per</span> <span class='ocrx_word' id='word_1_33' title='bbox 232 752 387 816; x_wconf 76' lang='lat' dir='ltr'>tenebras</span> <span class='ocrx_word' id='word_1_34' title='bbox 400 753 553 834; x_wconf 84' lang='lat' dir='ltr'>proiecta</span> <span class='ocrx_word' id='word_1_35' title='bbox 563 753 714 816; x_wconf 86' lang='lat' dir='ltr'>celeriter</span> <span class='ocrx_word' id='word_1_36' title='bbox 726 754 860 816; x_wconf 89' lang='lat' dir='ltr'>domurn</span> <span class='ocrx_word' id='word_1_37' title='bbox 874 755 1036 831; x_wconf 86' lang='lat' dir='ltr'>cucurrit;</span> <span class='ocrx_word' id='word_1_38' title='bbox 1061 775 1202 837; x_wconf 89' lang='lat' dir='ltr'>cumque</span> 
     </span>
     <span class='ocr_line' id='line_1_6' title="bbox 102 856 1203 940; baseline 0.003 -21"><span class='ocrx_word' id='word_1_39' title='bbox 102 857 186 920; x_wconf 88' lang='lat' dir='ltr'>inter</span> <span class='ocrx_word' id='word_1_40' title='bbox 197 856 266 920; x_wconf 66' lang='lat' dir='ltr'>tela</span> <span class='ocrx_word' id='word_1_41' title='bbox 277 864 458 920; x_wconf 79' lang='lat' dir='ltr'>amicorum</span> <span class='ocrx_word' id='word_1_42' title='bbox 471 865 505 920; x_wconf 89' lang='lat' dir='ltr'>et</span> <span class='ocrx_word' id='word_1_43' title='bbox 517 857 660 920; x_wconf 86' lang='lat' dir='ltr'>hostiurn</span> <span class='ocrx_word' id='word_1_44' title='bbox 675 856 708 919; x_wconf 95' lang='lat' dir='ltr'>in</span> <span class='ocrx_word' id='word_1_45' title='bbox 721 856 821 920; x_wconf 70' lang='lat' dir='ltr'>aedes</span> <span class='ocrx_word' id='word_1_46' title='bbox 834 858 1048 939; x_wconf 71' lang='lat' dir='ltr'>pervenisset,</span> <span class='ocrx_word' id='word_1_47' title='bbox 1063 879 1203 940; x_wconf 89' lang='lat' dir='ltr'>puerum</span> 
     </span>
     <span class='ocr_line' id='line_1_7' title="bbox 102 959 1137 1045; baseline 0.001 -20"><span class='ocrx_word' id='word_1_48' title='bbox 102 965 230 1025; x_wconf 61' lang='lat' dir='ltr'>§cunis</span> <span class='ocrx_word' id='word_1_49' title='bbox 244 959 356 1045; x_wconf 88' lang='lat' dir='ltr'>rapuit</span> <span class='ocrx_word' id='word_1_50' title='bbox 369 960 638 1044; x_wconf 84' lang='lat' dir='ltr'>incolumemque</span> <span class='ocrx_word' id='word_1_51' title='bbox 653 961 696 1023; x_wconf 90' lang='lat' dir='ltr'>ad</span> <span class='ocrx_word' id='word_1_52' title='bbox 712 967 852 1025; x_wconf 79' lang='lat' dir='ltr'>matrem</span> <span class='ocrx_word' id='word_1_53' title='bbox 869 968 980 1026; x_wconf 71' lang='lat' dir='ltr'>secum</span> <span class='ocrx_word' id='word_1_54' title='bbox 997 962 1137 1027; x_wconf 76' lang='lat' dir='ltr'>redixit</span> 
     </span>
    </p>
   </div>
   <div class='ocr_carea' id='block_1_3' title="bbox 474 1205 828 1468">
    <p class='ocr_par' dir='ltr' id='par_1_3' title="bbox 474 1205 828 1468">
     <span class='ocr_line' id='line_1_8' title="bbox 524 1205 780 1274; baseline 0 0"><span class='ocrx_word' id='word_1_55' title='bbox 524 1205 709 1274; x_wconf 88' lang='lat' dir='ltr'>LESSON</span> <span class='ocrx_word' id='word_1_56' title='bbox 740 1206 780 1274; x_wconf 89' lang='lat'>61</span> 
     </span>
     <span class='ocr_line' id='line_1_9' title="bbox 474 1380 828 1468; baseline 0 -18"><span class='ocrx_word' id='word_1_57' title='bbox 474 1381 507 1450; x_wconf 84' lang='lat' dir='ltr'><em>A</em></span> <span class='ocrx_word' id='word_1_58' title='bbox 534 1380 649 1450; x_wconf 77' lang='lat' dir='ltr'>Chor&#39;ce</span> <span class='ocrx_word' id='word_1_59' title='bbox 670 1384 712 1468; x_wconf 68' lang='lat' dir='ltr'>eff</span> <span class='ocrx_word' id='word_1_60' title='bbox 727 1383 828 1450; x_wconf 81' lang='lat' dir='ltr'>Evils</span> 
     </span>
    </p>
   </div>
   <div class='ocr_carea' id='block_1_4' title="bbox 102 1546 1206 2983">
    <p class='ocr_par' dir='ltr' id='par_1_4' title="bbox 102 1546 1206 2030">
     <span class='ocr_line' id='line_1_10' title="bbox 145 1546 1205 1632; baseline -0.003 -17"><span class='ocrx_word' id='word_1_61' title='bbox 145 1547 253 1615; x_wconf 78' lang='lat' dir='ltr'>Parvo</span> <span class='ocrx_word' id='word_1_62' title='bbox 278 1548 313 1612; x_wconf 92' lang='lat' dir='ltr'>in</span> <span class='ocrx_word' id='word_1_63' title='bbox 342 1546 467 1630; x_wconf 77' lang='lat' dir='ltr'>oppido</span> <span class='ocrx_word' id='word_1_64' title='bbox 499 1547 616 1612; x_wconf 85' lang='lat' dir='ltr'>Novae</span> <span class='ocrx_word' id='word_1_65' title='bbox 648 1548 841 1612; x_wconf 86' lang='lat' dir='ltr'><strong>Britanniae</strong></span> <span class='ocrx_word' id='word_1_66' title='bbox 871 1547 1044 1613; x_wconf 71' lang='lat' dir='ltr'>habitabat</span> <span class='ocrx_word' id='word_1_67' title='bbox 1069 1549 1205 1632; x_wconf 89' lang='lat' dir='ltr'>quidam</span> 
     </span>
     <span class='ocr_line' id='line_1_11' title="bbox 103 1651 1206 1736; baseline -0.002 -18"><span class='ocrx_word' id='word_1_68' title='bbox 103 1653 258 1736; x_wconf 88' lang='lat' dir='ltr'>agricola,</span> <span class='ocrx_word' id='word_1_69' title='bbox 275 1652 328 1717; x_wconf 91' lang='lat' dir='ltr'>cui</span> <span class='ocrx_word' id='word_1_70' title='bbox 344 1662 440 1716; x_wconf 87' lang='lat' dir='ltr'>erant</span> <span class='ocrx_word' id='word_1_71' title='bbox 456 1651 549 1715; x_wconf 90' lang='lat' dir='ltr'>liberi</span> <span class='ocrx_word' id='word_1_72' title='bbox 565 1659 648 1714; x_wconf 76' lang='lat' dir='ltr'>octo.</span> <span class='ocrx_word' id='word_1_73' title='bbox 699 1652 733 1714; x_wconf 91' lang='lat' dir='ltr'>Is</span> <span class='ocrx_word' id='word_1_74' title='bbox 749 1651 837 1727; x_wconf 78' lang='lat' dir='ltr'>olim,</span> <span class='ocrx_word' id='word_1_75' title='bbox 855 1673 930 1715; x_wconf 87' lang='lat' dir='ltr'>curn</span> <span class='ocrx_word' id='word_1_76' title='bbox 951 1652 1059 1716; x_wconf 71' lang='lat' dir='ltr'>subito</span> <span class='ocrx_word' id='word_1_77' title='bbox 1078 1656 1206 1717; x_wconf 72' lang='lat' dir='ltr'>nuntia·</span> 
     </span>
     <span class='ocr_line' id='line_1_12' title="bbox 102 1755 1205 1840; baseline -0.003 -17"><span class='ocrx_word' id='word_1_78' title='bbox 102 1767 171 1823; x_wconf 88' lang='lat' dir='ltr'>turn</span> <span class='ocrx_word' id='word_1_79' title='bbox 184 1767 275 1822; x_wconf 85' lang='lat' dir='ltr'>esset</span> <span class='ocrx_word' id='word_1_80' title='bbox 292 1757 394 1819; x_wconf 74' lang='lat' dir='ltr'>Indos</span> <span class='ocrx_word' id='word_1_81' title='bbox 406 1755 685 1838; x_wconf 77' lang='lat' dir='ltr'>appropinquare,</span> <span class='ocrx_word' id='word_1_82' title='bbox 697 1775 737 1818; x_wconf 87' lang='lat' dir='ltr'>ex</span> <span class='ocrx_word' id='word_1_83' title='bbox 750 1762 838 1836; x_wconf 87' lang='lat' dir='ltr'>agris</span> <span class='ocrx_word' id='word_1_84' title='bbox 855 1756 897 1819; x_wconf 90' lang='lat' dir='ltr'>ad</span> <span class='ocrx_word' id='word_1_85' title='bbox 912 1756 1001 1819; x_wconf 90' lang='lat' dir='ltr'>bona</span> <span class='ocrx_word' id='word_1_86' title='bbox 1017 1756 1205 1840; x_wconf 81' lang='lat' dir='ltr'>liberosque</span> 
     </span>
     <span class='ocr_line' id='line_1_13' title="bbox 103 1859 1205 1941; baseline -0.001 -16"><span class='ocrx_word' id='word_1_87' title='bbox 103 1861 284 1926; x_wconf 78' lang='lat' dir='ltr'>servandos</span> <span class='ocrx_word' id='word_1_88' title='bbox 308 1867 439 1923; x_wconf 74' lang='lat' dir='ltr'>summa</span> <span class='ocrx_word' id='word_1_89' title='bbox 460 1859 628 1923; x_wconf 60' lang='lat' dir='ltr'>celeritate</span> <span class='ocrx_word' id='word_1_90' title='bbox 650 1860 859 1941; x_wconf 70' lang='lat' dir='ltr'>properavit;</span> <span class='ocrx_word' id='word_1_91' title='bbox 884 1879 985 1941; x_wconf 88' lang='lat' dir='ltr'>aegra</span> <span class='ocrx_word' id='word_1_92' title='bbox 1005 1861 1094 1924; x_wconf 88' lang='lat' dir='ltr'>enirn</span> <span class='ocrx_word' id='word_1_93' title='bbox 1116 1862 1205 1924; x_wconf 90' lang='lat' dir='ltr'>dorni</span> 
     </span>
     <span class='ocr_line' id='line_1_14' title="bbox 103 1963 337 2030; baseline -0.013 0"><span class='ocrx_word' id='word_1_94' title='bbox 103 1985 184 2030; x_wconf 85' lang='lat' dir='ltr'>uxor</span> <span class='ocrx_word' id='word_1_95' title='bbox 198 1963 337 2028; x_wconf 70' lang='lat' dir='ltr'>iacebat.</span> 
     </span>
    </p>

    <p class='ocr_par' dir='ltr' id='par_1_5' title="bbox 102 2066 1206 2983">
     <span class='ocr_line' id='line_1_15' title="bbox 146 2066 1205 2152; baseline 0.002 -21"><span class='ocrx_word' id='word_1_96' title='bbox 146 2068 225 2152; x_wconf 77' lang='lat' dir='ltr'>Quo</span> <span class='ocrx_word' id='word_1_97' title='bbox 245 2067 346 2150; x_wconf 88' lang='lat' dir='ltr'>igitur</span> <span class='ocrx_word' id='word_1_98' title='bbox 366 2087 442 2131; x_wconf 89' lang='lat' dir='ltr'>cum</span> <span class='ocrx_word' id='word_1_99' title='bbox 465 2066 683 2149; x_wconf 70' lang='lat' dir='ltr'>pervenisset,</span> <span class='ocrx_word' id='word_1_100' title='bbox 701 2066 811 2130; x_wconf 90' lang='lat' dir='ltr'>liberis</span> <span class='ocrx_word' id='word_1_101' title='bbox 832 2075 1025 2132; x_wconf 76' lang='lat' dir='ltr'>convocatis</span> <span class='ocrx_word' id='word_1_102' title='bbox 1047 2079 1147 2151; x_wconf 88' lang='lat' dir='ltr'>atque</span> <span class='ocrx_word' id='word_1_103' title='bbox 1163 2071 1205 2133; x_wconf 91' lang='lat' dir='ltr'>ad</span> 
     </span>
     <span class='ocr_line' id='line_1_16' title="bbox 102 2171 1205 2253; baseline -0.001 -16"><span class='ocrx_word' id='word_1_104' title='bbox 102 2173 276 2237; x_wconf 86' lang='lat' dir='ltr'>castellum</span> <span class='ocrx_word' id='word_1_105' title='bbox 304 2171 488 2252; x_wconf 87' lang='lat' dir='ltr'>proximum</span> <span class='ocrx_word' id='word_1_106' title='bbox 521 2172 633 2234; x_wconf 90' lang='lat' dir='ltr'>statim</span> <span class='ocrx_word' id='word_1_107' title='bbox 665 2172 865 2252; x_wconf 82' lang='lat' dir='ltr'>praemissis,</span> <span class='ocrx_word' id='word_1_108' title='bbox 894 2172 966 2253; x_wconf 88' lang='lat' dir='ltr'>ipse</span> <span class='ocrx_word' id='word_1_109' title='bbox 998 2181 1131 2236; x_wconf 77' lang='lat' dir='ltr'>uxorem</span> <span class='ocrx_word' id='word_1_110' title='bbox 1164 2175 1205 2236; x_wconf 90' lang='lat' dir='ltr'>ad</span> 
     </span>
     <span class='ocr_line' id='line_1_17' title="bbox 102 2275 1203 2358; baseline 0.001 -19"><span class='ocrx_word' id='word_1_111' title='bbox 102 2275 164 2341; x_wconf 88' lang='lat' dir='ltr'>iter</span> <span class='ocrx_word' id='word_1_112' title='bbox 181 2282 298 2358; x_wconf 72' lang='lat' dir='ltr'>parare</span> <span class='ocrx_word' id='word_1_113' title='bbox 315 2282 454 2338; x_wconf 73' lang='lat' dir='ltr'>conatus</span> <span class='ocrx_word' id='word_1_114' title='bbox 471 2285 531 2338; x_wconf 88' lang='lat' dir='ltr'>est.</span> <span class='ocrx_word' id='word_1_115' title='bbox 580 2275 646 2339; x_wconf 89' lang='lat' dir='ltr'>Sed</span> <span class='ocrx_word' id='word_1_116' title='bbox 667 2275 732 2336; x_wconf 88' lang='lat' dir='ltr'>iam</span> <span class='ocrx_word' id='word_1_117' title='bbox 753 2276 786 2337; x_wconf 93' lang='lat' dir='ltr'>in</span> <span class='ocrx_word' id='word_1_118' title='bbox 805 2284 987 2357; x_wconf 79' lang='lat' dir='ltr'>conspectu</span> <span class='ocrx_word' id='word_1_119' title='bbox 1007 2287 1102 2340; x_wconf 89' lang='lat' dir='ltr'>erant</span> <span class='ocrx_word' id='word_1_120' title='bbox 1119 2278 1203 2352; x_wconf 92' lang='lat' dir='ltr'>Indi,</span> 
     </span>
     <span class='ocr_line' id='line_1_18' title="bbox 102 2379 1205 2464; baseline -0.001 -20"><span class='ocrx_word' id='word_1_121' title='bbox 102 2400 212 2464; x_wconf 87' lang='lat' dir='ltr'>neque</span> <span class='ocrx_word' id='word_1_122' title='bbox 225 2379 349 2442; x_wconf 78' lang='lat' dir='ltr'>diritius</span> <span class='ocrx_word' id='word_1_123' title='bbox 362 2379 430 2441; x_wconf 83' lang='lat' dir='ltr'>ulla</span> <span class='ocrx_word' id='word_1_124' title='bbox 442 2389 514 2442; x_wconf 89' lang='lat' dir='ltr'>erat</span> <span class='ocrx_word' id='word_1_125' title='bbox 526 2379 642 2442; x_wconf 72' lang='lat' dir='ltr'>sallitis</span> <span class='ocrx_word' id='word_1_126' title='bbox 655 2386 742 2460; x_wconf 69' lang='lat' dir='ltr'>spes.</span> <span class='ocrx_word' id='word_1_127' title='bbox 791 2381 909 2462; x_wconf 88' lang='lat' dir='ltr'>ltaque</span> <span class='ocrx_word' id='word_1_128' title='bbox 927 2389 1027 2444; x_wconf 82' lang='lat' dir='ltr'>uxore</span> <span class='ocrx_word' id='word_1_129' title='bbox 1043 2380 1205 2463; x_wconf 76' lang='lat' dir='ltr'>bonisque</span> 
     </span>
     <span class='ocr_line' id='line_1_19' title="bbox 103 2482 1206 2565; baseline -0.002 -15"><span class='ocrx_word' id='word_1_130' title='bbox 103 2486 235 2560; x_wconf 87' lang='lat' dir='ltr'>relictis,</span> <span class='ocrx_word' id='word_1_131' title='bbox 261 2482 417 2565; x_wconf 86' lang='lat' dir='ltr'>agricola,</span> <span class='ocrx_word' id='word_1_132' title='bbox 443 2490 501 2565; x_wconf 91' lang='lat' dir='ltr'>qui</span> <span class='ocrx_word' id='word_1_133' title='bbox 522 2484 587 2545; x_wconf 89' lang='lat' dir='ltr'>iarn</span> <span class='ocrx_word' id='word_1_134' title='bbox 609 2490 708 2546; x_wconf 76' lang='lat' dir='ltr'>antei</span> <span class='ocrx_word' id='word_1_135' title='bbox 729 2494 890 2547; x_wconf 85' lang='lat' dir='ltr'>statuerat</span> <span class='ocrx_word' id='word_1_136' title='bbox 915 2504 989 2546; x_wconf 86' lang='lat' dir='ltr'>curn</span> <span class='ocrx_word' id='word_1_137' title='bbox 1014 2486 1123 2548; x_wconf 86' lang='lat' dir='ltr'>liberis</span> <span class='ocrx_word' id='word_1_138' title='bbox 1144 2487 1206 2548; x_wconf 91' lang='lat' dir='ltr'>sibi</span> 
     </span>
     <span class='ocr_line' id='line_1_20' title="bbox 103 2587 1205 2678; baseline 0 -25"><span class='ocrx_word' id='word_1_139' title='bbox 103 2587 281 2653; x_wconf 82' lang='lat' dir='ltr'>vivendum</span> <span class='ocrx_word' id='word_1_140' title='bbox 303 2596 360 2650; x_wconf 88' lang='lat' dir='ltr'>aut</span> <span class='ocrx_word' id='word_1_141' title='bbox 381 2594 441 2669; x_wconf 80' lang='lat' dir='ltr'>pro</span> <span class='ocrx_word' id='word_1_142' title='bbox 462 2595 509 2650; x_wconf 88' lang='lat' dir='ltr'>eis</span> <span class='ocrx_word' id='word_1_143' title='bbox 530 2587 737 2650; x_wconf 90' lang='lat' dir='ltr'>moriendum</span> <span class='ocrx_word' id='word_1_144' title='bbox 759 2607 841 2678; x_wconf 89' lang='lat' dir='ltr'>esse,</span> <span class='ocrx_word' id='word_1_145' title='bbox 859 2607 981 2669; x_wconf 89' lang='lat' dir='ltr'>equum</span> <span class='ocrx_word' id='word_1_146' title='bbox 1001 2589 1205 2665; x_wconf 80' lang='lat' dir='ltr'>conscendit,</span> 
     </span>
     <span class='ocr_line' id='line_1_21' title="bbox 103 2687 1204 2775; baseline 0 -18"><span class='ocrx_word' id='word_1_147' title='bbox 103 2702 202 2775; x_wconf 89' lang='lat' dir='ltr'>atque</span> <span class='ocrx_word' id='word_1_148' title='bbox 224 2690 266 2753; x_wconf 90' lang='lat' dir='ltr'>ad</span> <span class='ocrx_word' id='word_1_149' title='bbox 288 2687 461 2754; x_wconf 90' lang='lat' dir='ltr'>castellum</span> <span class='ocrx_word' id='word_1_150' title='bbox 478 2711 595 2754; x_wconf 90' lang='lat' dir='ltr'>versus</span> <span class='ocrx_word' id='word_1_151' title='bbox 611 2711 711 2773; x_wconf 93' lang='lat' dir='ltr'>quarn</span> <span class='ocrx_word' id='word_1_152' title='bbox 733 2692 904 2754; x_wconf 75' lang='lat' dir='ltr'>celerrime</span> <span class='ocrx_word' id='word_1_153' title='bbox 926 2695 1106 2757; x_wconf 88' lang='lat' dir='ltr'>contendit.</span> <span class='ocrx_word' id='word_1_154' title='bbox 1155 2695 1204 2757; x_wconf 90' lang='lat' dir='ltr'>Li·</span> 
     </span>
     <span class='ocr_line' id='line_1_22' title="bbox 103 2793 1205 2880; baseline 0.003 -20"><span class='ocrx_word' id='word_1_155' title='bbox 103 2793 201 2860; x_wconf 77' lang='lat' dir='ltr'>beros</span> <span class='ocrx_word' id='word_1_156' title='bbox 233 2815 309 2857; x_wconf 86' lang='lat' dir='ltr'>mox</span> <span class='ocrx_word' id='word_1_157' title='bbox 341 2794 521 2857; x_wconf 82' lang='lat' dir='ltr'>adsecutus</span> <span class='ocrx_word' id='word_1_158' title='bbox 552 2804 613 2870; x_wconf 91' lang='lat' dir='ltr'>est,</span> <span class='ocrx_word' id='word_1_159' title='bbox 644 2805 678 2858; x_wconf 88' lang='lat' dir='ltr'>et</span> <span class='ocrx_word' id='word_1_160' title='bbox 708 2802 833 2870; x_wconf 67' lang='lat' dir='ltr'>omnies,</span> <span class='ocrx_word' id='word_1_161' title='bbox 866 2803 929 2859; x_wconf 90' lang='lat' dir='ltr'>etsi</span> <span class='ocrx_word' id='word_1_162' title='bbox 960 2797 1037 2860; x_wconf 90' lang='lat' dir='ltr'>Indi</span> <span class='ocrx_word' id='word_1_163' title='bbox 1059 2800 1205 2880; x_wconf 88' lang='lat' dir='ltr'>vestigiis</span> 
     </span>
     <span class='ocr_line' id='line_1_23' title="bbox 104 2897 1204 2983; baseline 0 -19"><span class='ocrx_word' id='word_1_164' title='bbox 104 2898 339 2983; x_wconf 73' lang='lat' dir='ltr'>sequebantur,</span> <span class='ocrx_word' id='word_1_165' title='bbox 368 2898 402 2960; x_wconf 91' lang='lat' dir='ltr'>in</span> <span class='ocrx_word' id='word_1_166' title='bbox 428 2897 602 2962; x_wconf 88' lang='lat' dir='ltr'>castellum</span> <span class='ocrx_word' id='word_1_167' title='bbox 632 2898 815 2962; x_wconf 69' lang='lat' dir='ltr'>incolumes</span> <span class='ocrx_word' id='word_1_168' title='bbox 847 2907 1091 2980; x_wconf 74' lang='lat' dir='ltr'>pervenerunt;</span> <span class='ocrx_word' id='word_1_169' title='bbox 1128 2923 1204 2966; x_wconf 88' lang='lat' dir='ltr'>narn</span> 
     </span>
    </p>
   </div>
   <div class='ocr_carea' id='block_1_5' title="bbox 105 3062 1207 3858">
    <p class='ocr_par' dir='ltr' id='par_1_6' title="bbox 105 3062 1204 3297">
     <span class='ocr_line' id='line_1_24' title="bbox 166 3062 1204 3134; baseline -0.002 -16"><span class='ocrx_word' id='word_1_170' title='bbox 166 3080 190 3118; x_wconf 87' lang='lat' dir='ltr'>r.</span> <span class='ocrx_word' id='word_1_171' title='bbox 217 3064 301 3116; x_wconf 67' lang='lat' dir='ltr'>sellis</span> <span class='ocrx_word' id='word_1_172' title='bbox 321 3064 398 3130; x_wconf 79' lang='lat' dir='ltr'>solla,</span> <span class='ocrx_word' id='word_1_173' title='bbox 414 3079 466 3130; x_wconf 78' lang='lat' dir='ltr'>-ae,</span> <span class='ocrx_word' id='word_1_174' title='bbox 487 3076 526 3130; x_wconf 65' lang='lat' dir='ltr'>n,</span> <span class='ocrx_word' id='word_1_175' title='bbox 545 3063 630 3117; x_wconf 84' lang='lat' dir='ltr'>sedan</span> <span class='ocrx_word' id='word_1_176' title='bbox 682 3062 730 3118; x_wconf 88' lang='lat' dir='ltr'>the</span> <span class='ocrx_word' id='word_1_177' title='bbox 742 3063 843 3134; x_wconf 83' lang='lat' dir='ltr'>phrase</span> <span class='ocrx_word' id='word_1_178' title='bbox 855 3081 886 3118; x_wconf 84' lang='lat' dir='ltr'>as</span> <span class='ocrx_word' id='word_1_179' title='bbox 899 3081 915 3118; x_wconf 92' lang='lat' dir='ltr'>a</span> <span class='ocrx_word' id='word_1_180' title='bbox 929 3064 1024 3130; x_wconf 79' lang='lat' dir='ltr'>wliole,</span> <span class='ocrx_word' id='word_1_181' title='bbox 1037 3065 1071 3118; x_wconf 83' lang='lat' dir='ltr'>cf.</span> <span class='ocrx_word' id='word_1_182' title='bbox 1092 3067 1127 3116; x_wconf 83' lang='lat' dir='ltr'>ad</span> <span class='ocrx_word' id='word_1_183' title='bbox 1146 3067 1204 3117; x_wconf 83' lang='lat' dir='ltr'>Gal·</span> 
     </span>
     <span class='ocr_line' id='line_1_25' title="bbox 105 3141 1204 3216; baseline -0.001 -18"><span class='ocrx_word' id='word_1_184' title='bbox 105 3141 201 3209; x_wconf 62' lang='lat' dir='ltr'>doira</span> <span class='ocrx_word' id='word_1_185' title='bbox 237 3142 280 3198; x_wconf 88' lang='lat' dir='ltr'>for</span> <span class='ocrx_word' id='word_1_186' title='bbox 305 3151 414 3214; x_wconf 86' lang='lat' dir='ltr'>syntax,</span> <span class='ocrx_word' id='word_1_187' title='bbox 441 3142 475 3198; x_wconf 85' lang='lat' dir='ltr'>cf.</span> <span class='ocrx_word' id='word_1_188' title='bbox 506 3145 631 3210; x_wconf 74' lang='lat' dir='ltr'>nivibus,</span> <span class='ocrx_word' id='word_1_189' title='bbox 682 3146 723 3196; x_wconf 78' lang='lat' dir='ltr'>los</span> <span class='ocrx_word' id='word_1_190' title='bbox 748 3147 929 3212; x_wconf 76' lang='lat' dir='ltr'>expellendis,</span> <span class='ocrx_word' id='word_1_191' title='bbox 955 3162 981 3216; x_wconf 88' lang='lat' dir='ltr'>p.</span> <span class='ocrx_word' id='word_1_192' title='bbox 1009 3159 1052 3215; x_wconf 81' lang='lat'>35,</span> <span class='ocrx_word' id='word_1_193' title='bbox 1077 3145 1094 3198; x_wconf 92' lang='lat' dir='ltr'>l.</span> <span class='ocrx_word' id='word_1_194' title='bbox 1122 3158 1204 3210; x_wconf 88' lang='lat'>14.-·</span> 
     </span>
     <span class='ocr_line' id='line_1_26' title="bbox 106 3223 941 3297; baseline 0.002 -20"><span class='ocrx_word' id='word_1_195' title='bbox 106 3223 203 3297; x_wconf 83' lang='lat' dir='ltr'>p.6,l.</span> <span class='ocrx_word' id='word_1_196' title='bbox 221 3239 263 3277; x_wconf 92' lang='lat'>10.</span> <span class='ocrx_word' id='word_1_197' title='bbox 681 3239 778 3291; x_wconf 79' lang='lat' dir='ltr'>aegra:</span> <span class='ocrx_word' id='word_1_198' title='bbox 798 3225 873 3296; x_wconf 91' lang='lat' dir='ltr'>pred.</span> <span class='ocrx_word' id='word_1_199' title='bbox 887 3224 941 3296; x_wconf 87' lang='lat' dir='ltr'>adj.</span> 
     </span>
    </p>

    <p class='ocr_par' dir='ltr' id='par_1_7' title="bbox 165 3303 1207 3371">
     <span class='ocr_line' id='line_1_27' title="bbox 165 3303 1207 3371; baseline 0.002 -15"><span class='ocrx_word' id='word_1_200' title='bbox 165 3321 191 3357; x_wconf 81' lang='lat' dir='ltr'>a.</span> <span class='ocrx_word' id='word_1_201' title='bbox 217 3304 364 3357; x_wconf 68' lang='lat' dir='ltr'>elimavit:</span> <span class='ocrx_word' id='word_1_202' title='bbox 383 3303 419 3359; x_wconf 84' lang='lat' dir='ltr'>cf.</span> <span class='ocrx_word' id='word_1_203' title='bbox 433 3307 542 3358; x_wconf 75' lang='lat' dir='ltr'>climor.</span> <span class='ocrx_word' id='word_1_204' title='bbox 728 3323 768 3371; x_wconf 87' lang='lat'>¹7·</span> <span class='ocrx_word' id='word_1_205' title='bbox 792 3309 954 3359; x_wconf 80' lang='lat' dir='ltr'>vivendum:</span> <span class='ocrx_word' id='word_1_206' title='bbox 974 3321 1096 3361; x_wconf 54' lang='lat' dir='ltr'>scenae.</span> <span class='ocrx_word' id='word_1_207' title='bbox 1136 3307 1207 3360; x_wconf 79' lang='lat' dir='ltr'>Note</span> 
     </span>
    </p>

    <p class='ocr_par' dir='ltr' id='par_1_8' title="bbox 109 3384 1207 3538">
     <span class='ocr_line' id='line_1_28' title="bbox 158 3384 1207 3458; baseline 0.002 -23"><span class='ocrx_word' id='word_1_208' title='bbox 158 3402 189 3450; x_wconf 67' lang='lat' dir='ltr'>q,</span> <span class='ocrx_word' id='word_1_209' title='bbox 216 3384 368 3437; x_wconf 77' lang='lat' dir='ltr'>infantem:</span> <span class='ocrx_word' id='word_1_210' title='bbox 408 3385 510 3454; x_wconf 74' lang='lat' dir='ltr'>infans,</span> <span class='ocrx_word' id='word_1_211' title='bbox 536 3386 633 3455; x_wconf 80' lang='lat' dir='ltr'>-antis,</span> <span class='ocrx_word' id='word_1_212' title='bbox 682 3385 743 3442; x_wconf 90' lang='lat' dir='ltr'>that</span> <span class='ocrx_word' id='word_1_213' title='bbox 756 3386 811 3441; x_wconf 91' lang='lat' dir='ltr'>this</span> <span class='ocrx_word' id='word_1_214' title='bbox 826 3386 881 3440; x_wconf 90' lang='lat' dir='ltr'>and</span> <span class='ocrx_word' id='word_1_215' title='bbox 894 3387 942 3442; x_wconf 86' lang='lat' dir='ltr'>the</span> <span class='ocrx_word' id='word_1_216' title='bbox 956 3385 1097 3458; x_wconf 82' lang='lat' dir='ltr'>following</span> <span class='ocrx_word' id='word_1_217' title='bbox 1111 3403 1207 3456; x_wconf 90' lang='lat' dir='ltr'>gerun-</span> 
     </span>
     <span class='ocr_line' id='line_1_29' title="bbox 109 3464 1207 3538; baseline -0.003 -17"><span class='ocrx_word' id='word_1_218' title='bbox 109 3464 166 3536; x_wconf 75' lang='lat' dir='ltr'>adj,</span> <span class='ocrx_word' id='word_1_219' title='bbox 177 3467 282 3538; x_wconf 81' lang='lat' dir='ltr'>infant.</span> <span class='ocrx_word' id='word_1_220' title='bbox 682 3466 745 3520; x_wconf 90' lang='lat' dir='ltr'>dive</span> <span class='ocrx_word' id='word_1_221' title='bbox 757 3484 803 3520; x_wconf 87' lang='lat' dir='ltr'>are</span> <span class='ocrx_word' id='word_1_222' title='bbox 815 3466 997 3536; x_wconf 79' lang='lat' dir='ltr'>impersona13</span> <span class='ocrx_word' id='word_1_223' title='bbox 1017 3467 1066 3521; x_wconf 90' lang='lat' dir='ltr'>but</span> <span class='ocrx_word' id='word_1_224' title='bbox 1078 3466 1207 3520; x_wconf 84' lang='lat' dir='ltr'>translate</span> 
     </span>
    </p>

    <p class='ocr_par' dir='ltr' id='par_1_9' title="bbox 111 3546 1207 3700">
     <span class='ocr_line' id='line_1_30' title="bbox 166 3546 945 3614; baseline -0.001 -13"><span class='ocrx_word' id='word_1_225' title='bbox 166 3553 192 3601; x_wconf 77' lang='lat'>⁶.</span> <span class='ocrx_word' id='word_1_226' title='bbox 217 3551 310 3600; x_wconf 75' lang='lat' dir='ltr'>cunis:</span> <span class='ocrx_word' id='word_1_227' title='bbox 347 3552 440 3612; x_wconf 74' lang='lat' dir='ltr'>cinae,</span> <span class='ocrx_word' id='word_1_228' title='bbox 469 3551 566 3614; x_wconf 72' lang='lat' dir='ltr'>-irnm,</span> <span class='ocrx_word' id='word_1_229' title='bbox 592 3560 632 3614; x_wconf 62' lang='lat' dir='ltr'>a,</span> <span class='ocrx_word' id='word_1_230' title='bbox 681 3546 743 3601; x_wconf 78' lang='lat' dir='ltr'>that</span> <span class='ocrx_word' id='word_1_231' title='bbox 754 3546 788 3600; x_wconf 77' lang='lat' dir='ltr'>ke</span> <span class='ocrx_word' id='word_1_232' title='bbox 799 3554 881 3614; x_wconf 85' lang='lat' dir='ltr'>must,</span> <span class='ocrx_word' id='word_1_233' title='bbox 894 3556 945 3603; x_wconf 90' lang='lat' dir='ltr'>etc.</span> 
     </span>
     <span class='ocr_line' id='line_1_31' title="bbox 111 3627 1207 3700; baseline 0 -20"><span class='ocrx_word' id='word_1_234' title='bbox 111 3627 390 3682; x_wconf 64' lang='lat' dir='ltr'>‘radia—matrem:</span> <span class='ocrx_word' id='word_1_235' title='bbox 413 3628 493 3700; x_wconf 76' lang='lat' dir='ltr'>(lter)</span> <span class='ocrx_word' id='word_1_236' title='bbox 507 3628 621 3680; x_wconf 78' lang='lat' dir='ltr'>nmther.</span> <span class='ocrx_word' id='word_1_237' title='bbox 729 3646 768 3693; x_wconf 81' lang='lat'>19.</span> <span class='ocrx_word' id='word_1_238' title='bbox 793 3631 919 3693; x_wconf 80' lang='lat' dir='ltr'>vestigiis</span> <span class='ocrx_word' id='word_1_239' title='bbox 938 3631 1135 3694; x_wconf 66' lang='lat' dir='ltr'>sequebantur:</span> <span class='ocrx_word' id='word_1_240' title='bbox 1164 3630 1207 3681; x_wconf 57' lang='lat' dir='ltr'>tle.</span> 
     </span>
    </p>

    <p class='ocr_par' dir='ltr' id='par_1_10' title="bbox 113 3707 1206 3858">
     <span class='ocr_line' id='line_1_32' title="bbox 152 3707 1206 3782; baseline 0 -22"><span class='ocrx_word' id='word_1_241' title='bbox 152 3726 192 3761; x_wconf 85' lang='lat' dir='ltr'>ro.</span> <span class='ocrx_word' id='word_1_242' title='bbox 218 3710 381 3761; x_wconf 78' lang='lat' dir='ltr'>servandos:</span> <span class='ocrx_word' id='word_1_243' title='bbox 410 3708 541 3779; x_wconf 84' lang='lat' dir='ltr'>agreeing</span> <span class='ocrx_word' id='word_1_244' title='bbox 565 3708 631 3761; x_wconf 85' lang='lat' dir='ltr'>with</span> <span class='ocrx_word' id='word_1_245' title='bbox 682 3725 756 3762; x_wconf 83' lang='lat' dir='ltr'>were</span> <span class='ocrx_word' id='word_1_246' title='bbox 771 3707 924 3780; x_wconf 78' lang='lat' dir='ltr'>following</span> <span class='ocrx_word' id='word_1_247' title='bbox 944 3709 990 3762; x_wconf 65' lang='lat' dir='ltr'>thr</span> <span class='ocrx_word' id='word_1_248' title='bbox 1012 3708 1086 3762; x_wconf 82' lang='lat' dir='ltr'>trail</span> <span class='ocrx_word' id='word_1_249' title='bbox 1105 3709 1160 3782; x_wconf 82' lang='lat' dir='ltr'>(lit.</span> <span class='ocrx_word' id='word_1_250' title='bbox 1180 3713 1206 3760; x_wconf 74' lang='lat' dir='ltr'>ir</span> 
     </span>
     <span class='ocr_line' id='line_1_33' title="bbox 113 3784 922 3858; baseline -0.001 -18"><span class='ocrx_word' id='word_1_251' title='bbox 113 3784 155 3842; x_wconf 82' lang='lat' dir='ltr'>the</span> <span class='ocrx_word' id='word_1_252' title='bbox 168 3805 263 3843; x_wconf 86' lang='lat' dir='ltr'>nearer</span> <span class='ocrx_word' id='word_1_253' title='bbox 276 3805 360 3842; x_wconf 86' lang='lat' dir='ltr'>noun.</span> <span class='ocrx_word' id='word_1_254' title='bbox 399 3791 453 3843; x_wconf 85' lang='lat' dir='ltr'>For</span> <span class='ocrx_word' id='word_1_255' title='bbox 466 3789 514 3843; x_wconf 86' lang='lat' dir='ltr'>the</span> <span class='ocrx_word' id='word_1_256' title='bbox 525 3786 595 3843; x_wconf 79' lang='lat' dir='ltr'>form</span> <span class='ocrx_word' id='word_1_257' title='bbox 606 3794 632 3842; x_wconf 89' lang='lat' dir='ltr'>ol</span> <span class='ocrx_word' id='word_1_258' title='bbox 683 3788 757 3843; x_wconf 76' lang='lat' dir='ltr'>their</span> <span class='ocrx_word' id='word_1_259' title='bbox 763 3789 922 3858; x_wconf 75' lang='lat' dir='ltr'>sootstcps).</span> 
     </span>
    </p>
   </div>
   <div class='ocr_carea' id='block_1_6' title="bbox 0 0 1360 4186">
    <p class='ocr_par' dir='ltr' id='par_1_11' title="bbox 0 0 1360 4186">
     <span class='ocr_line' id='line_1_34' title="bbox 0 0 1360 4186; baseline 0 0"><span class='ocrx_word' id='word_1_260' title='bbox 0 0 1360 4186; x_wconf 95' lang='lat' dir='ltr'> </span> 
     </span>
    </p>
   </div>
  </div>
 </body>
</html>
