<?xml version="1.0" encoding="UTF-8"?>
<!DOCTYPE html PUBLIC "-//W3C//DTD XHTML 1.0 Transitional//EN"
    "http://www.w3.org/TR/xhtml1/DTD/xhtml1-transitional.dtd">
<html xmlns="http://www.w3.org/1999/xhtml" xml:lang="en" lang="en">
 <head>
  <title>
</title>
<meta http-equiv="Content-Type" content="text/html;charset=utf-8" />
  <meta name='ocr-system' content='tesseract 3.04.00' />
  <meta name='ocr-capabilities' content='ocr_page ocr_carea ocr_par ocr_line ocrx_word'/>
</head>
<body>
  <div class='ocr_page' id='page_1' title='image "./afirstlatinread00nuttgoog_0043.png"; bbox 0 0 2700 4186; ppageno 0'>
   <div class='ocr_carea' id='block_1_1' title="bbox 28 240 870 318">
    <p class='ocr_par' dir='ltr' id='par_1_1' title="bbox 28 240 870 318">
     <span class='ocr_line' id='line_1_1' title="bbox 28 240 870 318; baseline -0.01 1"><span class='ocrx_word' id='word_1_1' title='bbox 28 240 29 244; x_wconf 65' lang='lat'>&#39;</span> <span class='ocrx_word' id='word_1_2' title='bbox 95 275 132 318; x_wconf 85' lang='lat'>22</span> <span class='ocrx_word' id='word_1_3' title='bbox 418 254 532 313; x_wconf 80' lang='lat' dir='ltr'>FIRST</span> <span class='ocrx_word' id='word_1_4' title='bbox 557 255 677 311; x_wconf 79' lang='lat' dir='ltr'>nnrrn</span> <span class='ocrx_word' id='word_1_5' title='bbox 706 255 870 311; x_wconf 74' lang='lat' dir='ltr'>Rononn</span> 
     </span>
    </p>
   </div>
   <div class='ocr_carea' id='block_1_2' title="bbox 91 436 1192 628">
    <p class='ocr_par' dir='ltr' id='par_1_2' title="bbox 91 436 1192 628">
     <span class='ocr_line' id='line_1_2' title="bbox 91 436 1192 517; baseline -0.002 -17"><span class='ocrx_word' id='word_1_6' title='bbox 91 438 249 513; x_wconf 80' lang='lat' dir='ltr'>tulerunt,</span> <span class='ocrx_word' id='word_1_7' title='bbox 270 456 347 501; x_wconf 92' lang='lat' dir='ltr'>cum</span> <span class='ocrx_word' id='word_1_8' title='bbox 369 436 416 498; x_wconf 88' lang='lat' dir='ltr'>illi</span> <span class='ocrx_word' id='word_1_9' title='bbox 436 438 534 499; x_wconf 70' lang='lat' dir='ltr'>horis</span> <span class='ocrx_word' id='word_1_10' title='bbox 559 437 678 499; x_wconf 68' lang='lat' dir='ltr'>multis</span> <span class='ocrx_word' id='word_1_11' title='bbox 702 443 912 517; x_wconf 75' lang='lat' dir='ltr'>pugnissent</span> <span class='ocrx_word' id='word_1_12' title='bbox 933 455 1010 502; x_wconf 87' lang='lat' dir='ltr'>cum</span> <span class='ocrx_word' id='word_1_13' title='bbox 1033 436 1192 514; x_wconf 75' lang='lat' dir='ltr'>hostibus,</span> 
     </span>
     <span class='ocr_line' id='line_1_3' title="bbox 91 539 762 628; baseline 0 -24"><span class='ocrx_word' id='word_1_14' title='bbox 91 560 200 628; x_wconf 86' lang='lat' dir='ltr'>neque</span> <span class='ocrx_word' id='word_1_15' title='bbox 216 548 274 608; x_wconf 74' lang='lat' dir='ltr'>eos</span> <span class='ocrx_word' id='word_1_16' title='bbox 288 539 322 605; x_wconf 92' lang='lat' dir='ltr'>in</span> <span class='ocrx_word' id='word_1_17' title='bbox 339 540 456 624; x_wconf 77' lang='lat' dir='ltr'><strong>fugam</strong></span> <span class='ocrx_word' id='word_1_18' title='bbox 472 541 551 604; x_wconf 89' lang='lat' dir='ltr'>dare</span> <span class='ocrx_word' id='word_1_19' title='bbox 567 540 762 623; x_wconf 76' lang='lat' dir='ltr'>potuissent„</span> 
     </span>
    </p>
   </div>
   <div class='ocr_carea' id='block_1_3' title="bbox 466 803 825 1076">
    <p class='ocr_par' dir='ltr' id='par_1_3' title="bbox 466 803 825 1076">
     <span class='ocr_line' id='line_1_4' title="bbox 514 803 775 888; baseline -0.004 -18"><span class='ocrx_word' id='word_1_20' title='bbox 514 803 699 872; x_wconf 90' lang='lat' dir='ltr'>LESSON</span> <span class='ocrx_word' id='word_1_21' title='bbox 735 821 775 888; x_wconf 89' lang='lat'>19</span> 
     </span>
     <span class='ocr_line' id='line_1_5' title="bbox 466 989 825 1076; baseline -0.006 -20"><span class='ocrx_word' id='word_1_22' title='bbox 466 989 584 1074; x_wconf 79' lang='lat' dir='ltr'><em>Philip</em></span> <span class='ocrx_word' id='word_1_23' title='bbox 596 991 695 1076; x_wconf 86' lang='lat' dir='ltr'>finds</span> <span class='ocrx_word' id='word_1_24' title='bbox 716 989 825 1054; x_wconf 81' lang='lat' dir='ltr'>Allies</span> 
     </span>
    </p>
   </div>
   <div class='ocr_carea' id='block_1_4' title="bbox 50 1144 1195 2995">
    <p class='ocr_par' dir='ltr' id='par_1_4' title="bbox 50 1144 1195 2995">
     <span class='ocr_line' id='line_1_6' title="bbox 135 1144 1195 1229; baseline -0.001 -18"><span class='ocrx_word' id='word_1_25' title='bbox 135 1146 226 1211; x_wconf 90' lang='lat' dir='ltr'>Dum</span> <span class='ocrx_word' id='word_1_26' title='bbox 245 1149 328 1211; x_wconf 86' lang='lat' dir='ltr'>haec</span> <span class='ocrx_word' id='word_1_27' title='bbox 351 1156 521 1229; x_wconf 87' lang='lat' dir='ltr'>geruntur,</span> <span class='ocrx_word' id='word_1_28' title='bbox 541 1146 617 1208; x_wconf 85' lang='lat' dir='ltr'>Indi</span> <span class='ocrx_word' id='word_1_29' title='bbox 633 1145 768 1228; x_wconf 82' lang='lat' dir='ltr'>quidam</span> <span class='ocrx_word' id='word_1_30' title='bbox 786 1144 968 1229; x_wconf 85' lang='lat' dir='ltr'>longinqui,</span> <span class='ocrx_word' id='word_1_31' title='bbox 986 1145 1107 1229; x_wconf 91' lang='lat' dir='ltr'>quibus</span> <span class='ocrx_word' id='word_1_32' title='bbox 1123 1156 1195 1210; x_wconf 87' lang='lat' dir='ltr'>erat</span> 
     </span>
     <span class='ocr_line' id='line_1_7' title="bbox 90 1250 1195 1332; baseline -0.003 -15"><span class='ocrx_word' id='word_1_33' title='bbox 90 1254 264 1317; x_wconf 88' lang='lat' dir='ltr'>castellum</span> <span class='ocrx_word' id='word_1_34' title='bbox 283 1255 470 1326; x_wconf 87' lang='lat' dir='ltr'>maximum,</span> <span class='ocrx_word' id='word_1_35' title='bbox 486 1259 586 1313; x_wconf 81' lang='lat' dir='ltr'>armis</span> <span class='ocrx_word' id='word_1_36' title='bbox 602 1251 742 1332; x_wconf 86' lang='lat' dir='ltr'>aliisque</span> <span class='ocrx_word' id='word_1_37' title='bbox 758 1251 856 1312; x_wconf 76' lang='lat' dir='ltr'>rebus</span> <span class='ocrx_word' id='word_1_38' title='bbox 875 1250 1065 1332; x_wconf 90' lang='lat' dir='ltr'><strong>Philippum</strong></span> <span class='ocrx_word' id='word_1_39' title='bbox 1080 1251 1195 1314; x_wconf 63' lang='lat' dir='ltr'>iuvare</span> 
     </span>
     <span class='ocr_line' id='line_1_8' title="bbox 67 1352 1194 1438; baseline -0.002 -20"><span class='ocrx_word' id='word_1_40' title='bbox 67 1363 282 1437; x_wconf 77' lang='lat' dir='ltr'>5coeperunt.</span> <span class='ocrx_word' id='word_1_41' title='bbox 330 1355 408 1438; x_wconf 78' lang='lat' dir='ltr'>Quo</span> <span class='ocrx_word' id='word_1_42' title='bbox 438 1354 581 1436; x_wconf 78' lang='lat' dir='ltr'>cognito,</span> <span class='ocrx_word' id='word_1_43' title='bbox 610 1354 730 1428; x_wconf 77' lang='lat' dir='ltr'>coloni,</span> <span class='ocrx_word' id='word_1_44' title='bbox 756 1373 959 1436; x_wconf 85' lang='lat' dir='ltr'>quamquam</span> <span class='ocrx_word' id='word_1_45' title='bbox 990 1352 1056 1415; x_wconf 87' lang='lat' dir='ltr'>iam</span> <span class='ocrx_word' id='word_1_46' title='bbox 1087 1352 1194 1417; x_wconf 90' lang='lat' dir='ltr'>hiems</span> 
     </span>
     <span class='ocr_line' id='line_1_9' title="bbox 91 1456 1194 1539; baseline -0.003 -17"><span class='ocrx_word' id='word_1_47' title='bbox 91 1471 171 1535; x_wconf 88' lang='lat' dir='ltr'>erat,</span> <span class='ocrx_word' id='word_1_48' title='bbox 196 1461 229 1522; x_wconf 94' lang='lat' dir='ltr'>id</span> <span class='ocrx_word' id='word_1_49' title='bbox 256 1460 429 1522; x_wconf 88' lang='lat' dir='ltr'>castellum</span> <span class='ocrx_word' id='word_1_50' title='bbox 458 1459 570 1521; x_wconf 89' lang='lat' dir='ltr'>statim</span> <span class='ocrx_word' id='word_1_51' title='bbox 597 1465 795 1539; x_wconf 68' lang='lat' dir='ltr'>oppugnire</span> <span class='ocrx_word' id='word_1_52' title='bbox 822 1456 1084 1533; x_wconf 75' lang='lat' dir='ltr'>constituerunt3</span> <span class='ocrx_word' id='word_1_53' title='bbox 1116 1477 1194 1519; x_wconf 85' lang='lat' dir='ltr'>narn</span> 
     </span>
     <span class='ocr_line' id='line_1_10' title="bbox 92 1560 1195 1644; baseline 0 -19"><span class='ocrx_word' id='word_1_54' title='bbox 92 1563 256 1644; x_wconf 60' lang='lat' dir='ltr'>putebant</span> <span class='ocrx_word' id='word_1_55' title='bbox 272 1563 358 1625; x_wconf 90' lang='lat' dir='ltr'>hanc</span> <span class='ocrx_word' id='word_1_56' title='bbox 371 1583 504 1644; x_wconf 87' lang='lat' dir='ltr'>quoqne</span> <span class='ocrx_word' id='word_1_57' title='bbox 517 1572 651 1643; x_wconf 83' lang='lat' dir='ltr'><strong>gentem</strong></span> <span class='ocrx_word' id='word_1_58' title='bbox 671 1568 778 1642; x_wconf 68' lang='lat' dir='ltr'>primi</span> <span class='ocrx_word' id='word_1_59' title='bbox 794 1569 921 1624; x_wconf 61' lang='lat' dir='ltr'>aestate</span> <span class='ocrx_word' id='word_1_60' title='bbox 937 1560 1061 1623; x_wconf 90' lang='lat' dir='ltr'>bellum</span> <span class='ocrx_word' id='word_1_61' title='bbox 1077 1581 1195 1641; x_wconf 87' lang='lat' dir='ltr'>gerere</span> 
     </span>
     <span class='ocr_line' id='line_1_11' title="bbox 92 1664 1126 1749; baseline 0 -21"><span class='ocrx_word' id='word_1_62' title='bbox 92 1675 218 1749; x_wconf 64' lang='lat' dir='ltr'>partire,</span> <span class='ocrx_word' id='word_1_63' title='bbox 236 1667 439 1748; x_wconf 77' lang='lat' dir='ltr'>consiliaque</span> <span class='ocrx_word' id='word_1_64' title='bbox 457 1666 601 1728; x_wconf 87' lang='lat' dir='ltr'>hostium</span> <span class='ocrx_word' id='word_1_65' title='bbox 619 1668 681 1745; x_wconf 88' lang='lat' dir='ltr'>ipsi</span> <span class='ocrx_word' id='word_1_66' title='bbox 698 1672 945 1746; x_wconf 62' lang='lat' dir='ltr'>praeoccupare</span> <span class='ocrx_word' id='word_1_67' title='bbox 961 1664 1126 1728; x_wconf 73' lang='lat' dir='ltr'>volebant.</span> 
     </span>
     <span class='ocr_line' id='line_1_12' title="bbox 136 1768 1194 1853; baseline 0.001 -21"><span class='ocrx_word' id='word_1_68' title='bbox 136 1771 253 1853; x_wconf 90' lang='lat' dir='ltr'>Itaque</span> <span class='ocrx_word' id='word_1_69' title='bbox 269 1770 321 1834; x_wconf 68' lang='lat' dir='ltr'>vii</span> <span class='ocrx_word' id='word_1_70' title='bbox 339 1771 438 1833; x_wconf 65' lang='lat' dir='ltr'>niven</span> <span class='ocrx_word' id='word_1_71' title='bbox 455 1790 528 1831; x_wconf 87' lang='lat' dir='ltr'>curn</span> <span class='ocrx_word' id='word_1_72' title='bbox 552 1769 697 1832; x_wconf 73' lang='lat' dir='ltr'>exercitt]</span> <span class='ocrx_word' id='word_1_73' title='bbox 713 1768 825 1831; x_wconf 78' lang='lat' dir='ltr'>valido</span> <span class='ocrx_word' id='word_1_74' title='bbox 849 1769 1000 1850; x_wconf 82' lang='lat' dir='ltr'>profecti,</span> <span class='ocrx_word' id='word_1_75' title='bbox 1018 1788 1078 1849; x_wconf 89' lang='lat' dir='ltr'>per</span> <span class='ocrx_word' id='word_1_76' title='bbox 1094 1769 1194 1833; x_wconf 65' lang='lat' dir='ltr'>silvis</span> 
     </span>
     <span class='ocr_line' id='line_1_13' title="bbox 52 1873 1192 1954; baseline 0.001 -20"><span class='ocrx_word' id='word_1_77' title='bbox 52 1875 131 1936; x_wconf 86' lang='lat' dir='ltr'>road</span> <span class='ocrx_word' id='word_1_78' title='bbox 156 1874 327 1937; x_wconf 85' lang='lat' dir='ltr'>castellum</span> <span class='ocrx_word' id='word_1_79' title='bbox 357 1874 418 1936; x_wconf 90' lang='lat' dir='ltr'>iter</span> <span class='ocrx_word' id='word_1_80' title='bbox 442 1874 602 1936; x_wconf 74' lang='lat' dir='ltr'>fecerunt.</span> <span class='ocrx_word' id='word_1_81' title='bbox 652 1873 702 1935; x_wconf 91' lang='lat' dir='ltr'>Ibi</span> <span class='ocrx_word' id='word_1_82' title='bbox 730 1873 891 1935; x_wconf 58' lang='lat' dir='ltr'>acerrime</span> <span class='ocrx_word' id='word_1_83' title='bbox 917 1881 969 1935; x_wconf 91' lang='lat' dir='ltr'>est</span> <span class='ocrx_word' id='word_1_84' title='bbox 995 1880 1192 1954; x_wconf 60' lang='lat' dir='ltr'>pugnatum,</span> 
     </span>
     <span class='ocr_line' id='line_1_14' title="bbox 91 1977 1194 2058; baseline -0.002 -17"><span class='ocrx_word' id='word_1_85' title='bbox 91 1999 129 2041; x_wconf 86' lang='lat' dir='ltr'>ac</span> <span class='ocrx_word' id='word_1_86' title='bbox 140 1978 250 2041; x_wconf 78' lang='lat' dir='ltr'>coloni</span> <span class='ocrx_word' id='word_1_87' title='bbox 261 1978 356 2040; x_wconf 91' lang='lat' dir='ltr'>multi</span> <span class='ocrx_word' id='word_1_88' title='bbox 367 1979 535 2040; x_wconf 81' lang='lat' dir='ltr'>interfecti</span> <span class='ocrx_word' id='word_1_89' title='bbox 547 1986 641 2052; x_wconf 91' lang='lat' dir='ltr'>sunt;</span> <span class='ocrx_word' id='word_1_90' title='bbox 656 1977 830 2041; x_wconf 88' lang='lat' dir='ltr'>castellum</span> <span class='ocrx_word' id='word_1_91' title='bbox 841 1987 952 2040; x_wconf 88' lang='lat' dir='ltr'>tamen</span> <span class='ocrx_word' id='word_1_92' title='bbox 964 1984 1194 2058; x_wconf 58' lang='lat' dir='ltr'>expugnatum</span> 
     </span>
     <span class='ocr_line' id='line_1_15' title="bbox 90 2081 1194 2164; baseline -0.002 -19"><span class='ocrx_word' id='word_1_93' title='bbox 90 2092 150 2157; x_wconf 90' lang='lat' dir='ltr'>est,</span> <span class='ocrx_word' id='word_1_94' title='bbox 170 2083 394 2164; x_wconf 75' lang='lat' dir='ltr'>indorumque</span> <span class='ocrx_word' id='word_1_95' title='bbox 417 2083 533 2163; x_wconf 79' lang='lat' dir='ltr'>copiae</span> <span class='ocrx_word' id='word_1_96' title='bbox 552 2089 667 2144; x_wconf 74' lang='lat' dir='ltr'>omnes</span> <span class='ocrx_word' id='word_1_97' title='bbox 683 2083 754 2162; x_wconf 78' lang='lat' dir='ltr'>igni</span> <span class='ocrx_word' id='word_1_98' title='bbox 770 2093 848 2143; x_wconf 90' lang='lat' dir='ltr'>sunt</span> <span class='ocrx_word' id='word_1_99' title='bbox 864 2088 1101 2162; x_wconf 80' lang='lat' dir='ltr'>consiimptae:</span> <span class='ocrx_word' id='word_1_100' title='bbox 1126 2081 1194 2162; x_wconf 93' lang='lat' dir='ltr'>qui-</span> 
     </span>
     <span class='ocr_line' id='line_1_16' title="bbox 92 2185 1193 2260; baseline 0 -11"><span class='ocrx_word' id='word_1_101' title='bbox 92 2187 152 2249; x_wconf 90' lang='lat' dir='ltr'>bus</span> <span class='ocrx_word' id='word_1_102' title='bbox 176 2186 274 2249; x_wconf 73' lang='lat' dir='ltr'>rebus</span> <span class='ocrx_word' id='word_1_103' title='bbox 294 2187 400 2260; x_wconf 83' lang='lat' dir='ltr'>factis,</span> <span class='ocrx_word' id='word_1_104' title='bbox 419 2186 527 2248; x_wconf 81' lang='lat' dir='ltr'>coloni</span> <span class='ocrx_word' id='word_1_105' title='bbox 542 2185 731 2248; x_wconf 58' lang='lat' dir='ltr'>vulneratos</span> <span class='ocrx_word' id='word_1_106' title='bbox 756 2192 869 2248; x_wconf 74' lang='lat' dir='ltr'>secum</span> <span class='ocrx_word' id='word_1_107' title='bbox 885 2185 1034 2248; x_wconf 75' lang='lat' dir='ltr'>ferentes</span> <span class='ocrx_word' id='word_1_108' title='bbox 1057 2185 1193 2249; x_wconf 90' lang='lat' dir='ltr'>domum</span> 
     </span>
     <span class='ocr_line' id='line_1_17' title="bbox 92 2288 481 2369; baseline 0.005 -20"><span class='ocrx_word' id='word_1_109' title='bbox 92 2288 208 2352; x_wconf 74' lang='lat' dir='ltr'>leniter</span> <span class='ocrx_word' id='word_1_110' title='bbox 224 2296 260 2351; x_wconf 67' lang='lat' dir='ltr'>se</span> <span class='ocrx_word' id='word_1_111' title='bbox 275 2296 481 2369; x_wconf 77' lang='lat' dir='ltr'>receperunt.</span> 
     </span>
     <span class='ocr_line' id='line_1_18' title="bbox 52 2391 1194 2481; baseline 0 -26"><span class='ocrx_word' id='word_1_112' title='bbox 52 2428 79 2481; x_wconf 82' lang='lat'>¹5</span> <span class='ocrx_word' id='word_1_113' title='bbox 137 2394 212 2455; x_wconf 79' lang='lat' dir='ltr'>Hoc</span> <span class='ocrx_word' id='word_1_114' title='bbox 233 2392 431 2456; x_wconf 77' lang='lat' dir='ltr'>detrimento</span> <span class='ocrx_word' id='word_1_115' title='bbox 447 2394 663 2455; x_wconf 88' lang='lat' dir='ltr'>vehementer</span> <span class='ocrx_word' id='word_1_116' title='bbox 685 2400 852 2465; x_wconf 75' lang='lat' dir='ltr'>commoti,</span> <span class='ocrx_word' id='word_1_117' title='bbox 872 2391 949 2454; x_wconf 88' lang='lat' dir='ltr'>Indi</span> <span class='ocrx_word' id='word_1_118' title='bbox 963 2393 1029 2454; x_wconf 87' lang='lat' dir='ltr'>iam</span> <span class='ocrx_word' id='word_1_119' title='bbox 1046 2392 1194 2474; x_wconf 88' lang='lat' dir='ltr'>undique</span> 
     </span>
     <span class='ocr_line' id='line_1_19' title="bbox 90 2499 1193 2579; baseline -0.001 -19"><span class='ocrx_word' id='word_1_120' title='bbox 90 2504 325 2571; x_wconf 74' lang='lat' dir='ltr'>convenerunt,</span> <span class='ocrx_word' id='word_1_121' title='bbox 352 2499 540 2579; x_wconf 88' lang='lat' dir='ltr'>oppidaque</span> <span class='ocrx_word' id='word_1_122' title='bbox 569 2499 761 2560; x_wconf 78' lang='lat' dir='ltr'>colonorum</span> <span class='ocrx_word' id='word_1_123' title='bbox 786 2503 984 2577; x_wconf 60' lang='lat' dir='ltr'>oppugnare</span> <span class='ocrx_word' id='word_1_124' title='bbox 1010 2504 1193 2577; x_wconf 77' lang='lat' dir='ltr'>coeperunt</span> 
     </span>
     <span class='ocr_line' id='line_1_20' title="bbox 90 2600 1193 2682; baseline 0.001 -19"><span class='ocrx_word' id='word_1_125' title='bbox 90 2602 229 2682; x_wconf 85' lang='lat' dir='ltr'>singula.</span> <span class='ocrx_word' id='word_1_126' title='bbox 294 2601 411 2665; x_wconf 79' lang='lat' dir='ltr'>Subito</span> <span class='ocrx_word' id='word_1_127' title='bbox 435 2600 612 2663; x_wconf 76' lang='lat' dir='ltr'>veniebant</span> <span class='ocrx_word' id='word_1_128' title='bbox 636 2602 669 2662; x_wconf 93' lang='lat' dir='ltr'>in</span> <span class='ocrx_word' id='word_1_129' title='bbox 694 2609 930 2680; x_wconf 67' lang='lat' dir='ltr'>conspectum</span> <span class='ocrx_word' id='word_1_130' title='bbox 963 2611 1042 2675; x_wconf 86' lang='lat' dir='ltr'>tum,</span> <span class='ocrx_word' id='word_1_131' title='bbox 1068 2600 1193 2664; x_wconf 80' lang='lat' dir='ltr'>colonis</span> 
     </span>
     <span class='ocr_line' id='line_1_21' title="bbox 90 2702 1192 2787; baseline -0.001 -20"><span class='ocrx_word' id='word_1_132' title='bbox 90 2713 207 2768; x_wconf 80' lang='lat' dir='ltr'>occisis</span> <span class='ocrx_word' id='word_1_133' title='bbox 224 2706 375 2787; x_wconf 84' lang='lat' dir='ltr'>villisque</span> <span class='ocrx_word' id='word_1_134' title='bbox 400 2707 552 2777; x_wconf 76' lang='lat' dir='ltr'>incensis,</span> <span class='ocrx_word' id='word_1_135' title='bbox 570 2705 722 2767; x_wconf 88' lang='lat' dir='ltr'>celeriter</span> <span class='ocrx_word' id='word_1_136' title='bbox 740 2707 774 2767; x_wconf 95' lang='lat' dir='ltr'>in</span> <span class='ocrx_word' id='word_1_137' title='bbox 795 2705 894 2767; x_wconf 60' lang='lat' dir='ltr'>silvis</span> <span class='ocrx_word' id='word_1_138' title='bbox 918 2711 955 2768; x_wconf 71' lang='lat' dir='ltr'>se</span> <span class='ocrx_word' id='word_1_139' title='bbox 977 2702 1192 2785; x_wconf 67' lang='lat' dir='ltr'>recipiebant„</span> 
     </span>
     <span class='ocr_line' id='line_1_22' title="bbox 90 2808 1194 2890; baseline -0.001 -18"><span class='ocrx_word' id='word_1_140' title='bbox 90 2829 164 2872; x_wconf 91' lang='lat' dir='ltr'>cum</span> <span class='ocrx_word' id='word_1_141' title='bbox 196 2808 328 2872; x_wconf 89' lang='lat' dir='ltr'>interim</span> <span class='ocrx_word' id='word_1_142' title='bbox 360 2809 487 2878; x_wconf 72' lang='lat' dir='ltr'>milites.</span> <span class='ocrx_word' id='word_1_143' title='bbox 516 2818 572 2890; x_wconf 84' lang='lat' dir='ltr'>qui</span> <span class='ocrx_word' id='word_1_144' title='bbox 603 2830 696 2872; x_wconf 87' lang='lat' dir='ltr'>arma</span> <span class='ocrx_word' id='word_1_145' title='bbox 726 2808 879 2890; x_wconf 79' lang='lat' dir='ltr'>graviora</span> <span class='ocrx_word' id='word_1_146' title='bbox 910 2808 1072 2881; x_wconf 73' lang='lat' dir='ltr'>ferebant,</span> <span class='ocrx_word' id='word_1_147' title='bbox 1102 2809 1194 2871; x_wconf 77' lang='lat' dir='ltr'>millo</span> 
     </span>
     <span class='ocr_line' id='line_1_23' title="bbox 50 2913 1193 2995; baseline -0.003 -18"><span class='ocrx_word' id='word_1_148' title='bbox 50 2941 81 2977; x_wconf 75' lang='grc' dir='ltr'><em>ω</em></span> <span class='ocrx_word' id='word_1_149' title='bbox 92 2913 189 2976; x_wconf 79' lang='lat' dir='ltr'>rnodo</span> <span class='ocrx_word' id='word_1_150' title='bbox 205 2920 365 2994; x_wconf 77' lang='lat' dir='ltr'>consequi</span> <span class='ocrx_word' id='word_1_151' title='bbox 381 2923 545 2994; x_wconf 87' lang='lat' dir='ltr'>poterant.</span> <span class='ocrx_word' id='word_1_152' title='bbox 587 2914 705 2995; x_wconf 88' lang='lat' dir='ltr'>Itaque</span> <span class='ocrx_word' id='word_1_153' title='bbox 722 2913 779 2975; x_wconf 81' lang='lat' dir='ltr'>dio</span> <span class='ocrx_word' id='word_1_154' title='bbox 792 2913 903 2976; x_wconf 78' lang='lat' dir='ltr'>coloni</span> <span class='ocrx_word' id='word_1_155' title='bbox 919 2914 1031 2975; x_wconf 88' lang='lat' dir='ltr'>miseri</span> <span class='ocrx_word' id='word_1_156' title='bbox 1046 2913 1193 2995; x_wconf 92' lang='lat' dir='ltr'>undique</span> 
     </span>
    </p>
   </div>
   <div class='ocr_carea' id='block_1_5' title="bbox 89 3068 1194 3863">
    <p class='ocr_par' dir='ltr' id='par_1_5' title="bbox 89 3068 1194 3863">
     <span class='ocr_line' id='line_1_24' title="bbox 136 3068 1191 3138; baseline 0 -17"><span class='ocrx_word' id='word_1_157' title='bbox 136 3085 162 3133; x_wconf 78' lang='lat'>³·</span> <span class='ocrx_word' id='word_1_158' title='bbox 181 3070 254 3134; x_wconf 79' lang='lat' dir='ltr'><strong>dum,</strong></span> <span class='ocrx_word' id='word_1_159' title='bbox 266 3068 386 3123; x_wconf 81' lang='lat' dir='ltr'>etc.:ef.</span> <span class='ocrx_word' id='word_1_160' title='bbox 401 3085 427 3138; x_wconf 88' lang='lat' dir='ltr'>p.</span> <span class='ocrx_word' id='word_1_161' title='bbox 441 3082 465 3135; x_wconf 87' lang='lat'>7,</span> <span class='ocrx_word' id='word_1_162' title='bbox 479 3071 496 3122; x_wconf 91' lang='lat' dir='ltr'>l.</span> <span class='ocrx_word' id='word_1_163' title='bbox 515 3071 554 3122; x_wconf 83' lang='lat'>16.</span> <span class='ocrx_word' id='word_1_164' title='bbox 712 3086 752 3121; x_wconf 88' lang='lat' dir='ltr'>ro.</span> <span class='ocrx_word' id='word_1_165' title='bbox 778 3068 906 3120; x_wconf 68' lang='lat' dir='ltr'>icorrime</span> <span class='ocrx_word' id='word_1_166' title='bbox 943 3072 986 3121; x_wconf 81' lang='lat' dir='ltr'>est</span> <span class='ocrx_word' id='word_1_167' title='bbox 1024 3073 1191 3134; x_wconf 65' lang='lat' dir='ltr'>pugnatum:</span> 
     </span>
     <span class='ocr_line' id='line_1_25' title="bbox 136 3147 1194 3219; baseline 0.002 -19"><span class='ocrx_word' id='word_1_168' title='bbox 136 3165 161 3213; x_wconf 85' lang='lat'>5.</span> <span class='ocrx_word' id='word_1_169' title='bbox 182 3153 249 3214; x_wconf 75' lang='lat' dir='ltr'>quo:</span> <span class='ocrx_word' id='word_1_170' title='bbox 282 3153 549 3215; x_wconf 71' lang='lat' dir='ltr'>neuter-cognito:</span> <span class='ocrx_word' id='word_1_171' title='bbox 578 3153 613 3204; x_wconf 79' lang='lat' dir='ltr'>ci.</span> <span class='ocrx_word' id='word_1_172' title='bbox 666 3147 758 3219; x_wconf 82' lang='lat' dir='ltr'>sreely‚</span> <span class='ocrx_word' id='word_1_173' title='bbox 788 3167 806 3201; x_wconf 90' lang='lat' dir='ltr'><em>a</em></span> <span class='ocrx_word' id='word_1_174' title='bbox 842 3150 984 3218; x_wconf 73' lang='lat' dir='ltr'>desperate</span> <span class='ocrx_word' id='word_1_175' title='bbox 1019 3149 1100 3203; x_wconf 83' lang='lat' dir='ltr'>battle</span> <span class='ocrx_word' id='word_1_176' title='bbox 1134 3166 1194 3202; x_wconf 87' lang='lat' dir='ltr'>was</span> 
     </span>
     <span class='ocr_line' id='line_1_26' title="bbox 90 3228 953 3303; baseline -0.003 -18"><span class='ocrx_word' id='word_1_177' title='bbox 90 3231 136 3285; x_wconf 90' lang='lat' dir='ltr'>the</span> <span class='ocrx_word' id='word_1_178' title='bbox 149 3238 214 3284; x_wconf 87' lang='lat' dir='ltr'>note</span> <span class='ocrx_word' id='word_1_179' title='bbox 227 3246 264 3282; x_wconf 91' lang='lat' dir='ltr'>on</span> <span class='ocrx_word' id='word_1_180' title='bbox 277 3247 304 3298; x_wconf 90' lang='lat' dir='ltr'>p.</span> <span class='ocrx_word' id='word_1_181' title='bbox 322 3244 361 3295; x_wconf 87' lang='lat'>17,</span> <span class='ocrx_word' id='word_1_182' title='bbox 375 3230 393 3283; x_wconf 93' lang='lat'>1.</span> <span class='ocrx_word' id='word_1_183' title='bbox 413 3231 451 3284; x_wconf 87' lang='lat'>18.</span> <span class='ocrx_word' id='word_1_184' title='bbox 624 3295 625 3298; x_wconf 8' lang='grc' dir='ltr'><strong>Ἴ</strong></span> <span class='ocrx_word' id='word_1_185' title='bbox 667 3229 789 3303; x_wconf 75' lang='lat' dir='ltr'>sougltt5</span> <span class='ocrx_word' id='word_1_186' title='bbox 807 3228 848 3282; x_wconf 92' lang='lat' dir='ltr'>lit.</span> <span class='ocrx_word' id='word_1_187' title='bbox 863 3229 953 3282; x_wconf 87' lang='lat' dir='ltr'>what?</span> 
     </span>
     <span class='ocr_line' id='line_1_27' title="bbox 133 3309 1193 3380; baseline 0.001 -18"><span class='ocrx_word' id='word_1_188' title='bbox 133 3326 158 3376; x_wconf 89' lang='lat'>7.</span> <span class='ocrx_word' id='word_1_189' title='bbox 185 3314 288 3376; x_wconf 70' lang='lat' dir='ltr'>primi:</span> <span class='ocrx_word' id='word_1_190' title='bbox 317 3311 362 3364; x_wconf 73' lang='lat' dir='ltr'>tlte</span> <span class='ocrx_word' id='word_1_191' title='bbox 385 3311 468 3380; x_wconf 82' lang='lat' dir='ltr'>early,</span> <span class='ocrx_word' id='word_1_192' title='bbox 500 3312 539 3364; x_wconf 85' lang='lat' dir='ltr'>iit.</span> <span class='ocrx_word' id='word_1_193' title='bbox 570 3313 615 3364; x_wconf 76' lang='lat' dir='ltr'>the</span> <span class='ocrx_word' id='word_1_194' title='bbox 712 3327 753 3373; x_wconf 82' lang='lat'>13.</span> <span class='ocrx_word' id='word_1_195' title='bbox 779 3313 950 3368; x_wconf 65' lang='lat' dir='ltr'>volueritis:</span> <span class='ocrx_word' id='word_1_196' title='bbox 979 3327 1009 3362; x_wconf 86' lang='lat' dir='ltr'>as</span> <span class='ocrx_word' id='word_1_197' title='bbox 1036 3326 1119 3376; x_wconf 91' lang='lat' dir='ltr'>noun,</span> <span class='ocrx_word' id='word_1_198' title='bbox 1150 3309 1193 3363; x_wconf 77' lang='lat' dir='ltr'>the</span> 
     </span>
     <span class='ocr_line' id='line_1_28' title="bbox 93 3389 1174 3463; baseline -0.002 -19"><span class='ocrx_word' id='word_1_199' title='bbox 93 3393 160 3459; x_wconf 73' lang='lat' dir='ltr'>first</span> <span class='ocrx_word' id='word_1_200' title='bbox 175 3393 338 3463; x_wconf 80' lang='lat' dir='ltr'>(partos).</span> <span class='ocrx_word' id='word_1_201' title='bbox 664 3391 807 3444; x_wconf 83' lang='lat' dir='ltr'>wounded.</span> <span class='ocrx_word' id='word_1_202' title='bbox 816 3389 993 3443; x_wconf 62' lang='lat' dir='ltr'>-ferontom</span> <span class='ocrx_word' id='word_1_203' title='bbox 1015 3408 1087 3444; x_wconf 88' lang='lat' dir='ltr'>nom.</span> <span class='ocrx_word' id='word_1_204' title='bbox 1101 3407 1174 3445; x_wconf 88' lang='lat' dir='ltr'>case.</span> 
     </span>
     <span class='ocr_line' id='line_1_29' title="bbox 132 3469 1192 3542; baseline -0.002 -18"><span class='ocrx_word' id='word_1_205' title='bbox 132 3479 158 3524; x_wconf 81' lang='lat'>8.</span> <span class='ocrx_word' id='word_1_206' title='bbox 184 3473 254 3538; x_wconf 71' lang='lat' dir='ltr'>ipsi:</span> <span class='ocrx_word' id='word_1_207' title='bbox 284 3488 344 3542; x_wconf 82' lang='lat' dir='ltr'>may</span> <span class='ocrx_word' id='word_1_208' title='bbox 375 3472 409 3526; x_wconf 92' lang='lat' dir='ltr'>be</span> <span class='ocrx_word' id='word_1_209' title='bbox 441 3474 555 3527; x_wconf 84' lang='lat' dir='ltr'>omitted</span> <span class='ocrx_word' id='word_1_210' title='bbox 587 3473 614 3525; x_wconf 86' lang='lat' dir='ltr'>in</span> <span class='ocrx_word' id='word_1_211' title='bbox 712 3488 753 3535; x_wconf 85' lang='lat'>¹7·</span> <span class='ocrx_word' id='word_1_212' title='bbox 779 3473 903 3536; x_wconf 76' lang='lat' dir='ltr'>singula:</span> <span class='ocrx_word' id='word_1_213' title='bbox 923 3469 1192 3541; x_wconf 81' lang='lat' dir='ltr'>modifyingoppida.</span> 
     </span>
     <span class='ocr_line' id='line_1_30' title="bbox 89 3550 1192 3618; baseline 0 -12"><span class='ocrx_word' id='word_1_214' title='bbox 89 3551 261 3607; x_wconf 72' lang='lat' dir='ltr'>translation.</span> <span class='ocrx_word' id='word_1_215' title='bbox 667 3553 870 3604; x_wconf 72' lang='lat' dir='ltr'>-veniebantt</span> <span class='ocrx_word' id='word_1_216' title='bbox 896 3550 939 3609; x_wconf 75' lang='lat' dir='ltr'>for</span> <span class='ocrx_word' id='word_1_217' title='bbox 958 3553 1004 3604; x_wconf 83' lang='lat' dir='ltr'>the</span> <span class='ocrx_word' id='word_1_218' title='bbox 1023 3550 1192 3618; x_wconf 79' lang='lat' dir='ltr'>translation.</span> 
     </span>
     <span class='ocr_line' id='line_1_31' title="bbox 132 3631 1181 3702; baseline -0.002 -16"><span class='ocrx_word' id='word_1_219' title='bbox 132 3651 158 3698; x_wconf 79' lang='grc'>9.</span> <span class='ocrx_word' id='word_1_220' title='bbox 184 3635 246 3686; x_wconf 76' lang='lat' dir='ltr'>vii:</span> <span class='ocrx_word' id='word_1_221' title='bbox 257 3631 299 3686; x_wconf 79' lang='lat' dir='ltr'>for</span> <span class='ocrx_word' id='word_1_222' title='bbox 308 3641 414 3701; x_wconf 88' lang='lat' dir='ltr'>syntax,</span> <span class='ocrx_word' id='word_1_223' title='bbox 428 3635 462 3686; x_wconf 81' lang='lat' dir='ltr'>ci.</span> <span class='ocrx_word' id='word_1_224' title='bbox 477 3637 540 3698; x_wconf 68' lang='lat' dir='ltr'>quo,</span> <span class='ocrx_word' id='word_1_225' title='bbox 552 3649 575 3702; x_wconf 82' lang='lat' dir='ltr'>p.</span> <span class='ocrx_word' id='word_1_226' title='bbox 594 3648 615 3700; x_wconf 75' lang='grc' dir='ltr'>ς.</span> <span class='ocrx_word' id='word_1_227' title='bbox 666 3631 702 3688; x_wconf 76' lang='lat' dir='ltr'>ci.</span> <span class='ocrx_word' id='word_1_228' title='bbox 713 3632 761 3685; x_wconf 82' lang='lat' dir='ltr'>the</span> <span class='ocrx_word' id='word_1_229' title='bbox 769 3645 834 3686; x_wconf 91' lang='lat' dir='ltr'>note</span> <span class='ocrx_word' id='word_1_230' title='bbox 844 3648 881 3685; x_wconf 90' lang='lat' dir='ltr'>on</span> <span class='ocrx_word' id='word_1_231' title='bbox 890 3634 1042 3695; x_wconf 74' lang='lat' dir='ltr'>rapiebant,</span> <span class='ocrx_word' id='word_1_232' title='bbox 1053 3649 1080 3702; x_wconf 90' lang='lat' dir='ltr'>p.</span> <span class='ocrx_word' id='word_1_233' title='bbox 1089 3645 1114 3699; x_wconf 89' lang='lat'>7,</span> <span class='ocrx_word' id='word_1_234' title='bbox 1122 3633 1139 3685; x_wconf 85' lang='lat' dir='ltr'>l.</span> <span class='ocrx_word' id='word_1_235' title='bbox 1151 3646 1181 3698; x_wconf 87' lang='lat'>17</span> 
     </span>
     <span class='ocr_line' id='line_1_32' title="bbox 89 3712 963 3784; baseline -0.007 -16"><span class='ocrx_word' id='word_1_236' title='bbox 89 3712 105 3768; x_wconf 88' lang='grc'>1.</span> <span class='ocrx_word' id='word_1_237' title='bbox 140 3714 335 3784; x_wconf 77' lang='lat' dir='ltr'>13.-nivili:</span> <span class='ocrx_word' id='word_1_238' title='bbox 364 3715 474 3778; x_wconf 66' lang='lat' dir='ltr'>nivalis,</span> <span class='ocrx_word' id='word_1_239' title='bbox 505 3715 548 3771; x_wconf 70' lang='grc' dir='ltr'>οἱε.</span> <span class='ocrx_word' id='word_1_240' title='bbox 584 3728 614 3769; x_wconf 74' lang='lat' dir='ltr'>e.</span> <span class='ocrx_word' id='word_1_241' title='bbox 713 3729 753 3776; x_wconf 70' lang='grc' dir='ltr'>ις.</span> <span class='ocrx_word' id='word_1_242' title='bbox 780 3727 856 3764; x_wconf 86' lang='lat' dir='ltr'>cum:</span> <span class='ocrx_word' id='word_1_243' title='bbox 875 3712 963 3766; x_wconf 82' lang='lat' dir='ltr'>wlu&#39;le.</span> 
     </span>
     <span class='ocr_line' id='line_1_33' title="bbox 89 3795 1192 3863; baseline -0.003 -15"><span class='ocrx_word' id='word_1_244' title='bbox 89 3811 191 3863; x_wconf 65' lang='lat' dir='ltr'>suom.</span> <span class='ocrx_word' id='word_1_245' title='bbox 711 3809 752 3847; x_wconf 72' lang='grc' dir='ltr'>ιο.</span> <span class='ocrx_word' id='word_1_246' title='bbox 773 3797 915 3858; x_wconf 77' lang='lat' dir='ltr'>consequi:</span> <span class='ocrx_word' id='word_1_247' title='bbox 929 3809 967 3848; x_wconf 80' lang='lat' dir='ltr'>so</span> <span class='ocrx_word' id='word_1_248' title='bbox 974 3796 1019 3844; x_wconf 78' lang='lat' dir='ltr'>eor</span> <span class='ocrx_word' id='word_1_249' title='bbox 1028 3797 1081 3859; x_wconf 60' lang='lat' dir='ltr'>(tle.</span> <span class='ocrx_word' id='word_1_250' title='bbox 1089 3795 1192 3862; x_wconf 77' lang='lat' dir='ltr'>Indos).</span> 
     </span>
    </p>
   </div>
   <div class='ocr_carea' id='block_1_6' title="bbox 0 0 1354 4186">
    <p class='ocr_par' dir='ltr' id='par_1_6' title="bbox 0 0 1354 4186">
     <span class='ocr_line' id='line_1_34' title="bbox 0 0 1354 4186; baseline 0 1"><span class='ocrx_word' id='word_1_251' title='bbox 0 0 1354 4186; x_wconf 95' lang='lat' dir='ltr'> </span> 
     </span>
    </p>
   </div>
  </div>
 </body>
</html>
