2700 4186
468 241 582 299 FIRST
607 241 729 299 LATIN
756 241 921 299 READER
1203 239 1243 307 61

144 422 223 486 tibia
237 430 469 507 tympanoque
484 431 635 503 arreptis,
653 422 835 486 secundum
853 422 929 484 litus
948 421 1034 485 clam
1051 429 1245 504 properavi*

144 536 229 604 runt,
254 547 293 590 ac
319 528 405 590 colle
430 534 535 608 parvo
559 526 758 608 interposito
787 527 876 589 clare
905 546 1026 590 canere
1052 533 1243 607 coeperunt.

146 630 221 713 Quo
241 638 328 694 'sono
355 631 477 706 audiui,
503 629 656 693 Britanni
676 631 894 692 vehementer
916 637 1074 693 commoti
1100 637 1246 693 armatos

146 733 304 818 plurimos
316 735 586 817 appropinquare
598 732 843 796 arbitrabantur
853 730 948 815 (nam
961 734 1154 797 Americani
1166 735 1245 796 mul-

126 847 264 921 staeque
281 846 398 920 gentes
414 839 499 903 aliae
514 838 594 901 tibia
609 845 836 923 tympanoque
852 857 972 901 canere
989 837 1105 915 solent,
1118 858 1195 901 cum
1211 837 1245 902 in

147 942 305 1024 proelium
323 943 605 1027 progrediuntur).
653 941 775 1023 Quam,
789 943 886 1004 veriti
900 948 943 1004 ne
957 942 1243 1024 interciperentur,

147 1045 266 1121 hostes,
284 1045 426 1126 navigiis
442 1045 686 1128 oppidanorum
701 1047 835 1121 relictis,
852 1046 1023 1109 celerrime
1038 1051 1075 1108 se
1090 1047 1133 1109 ad
1149 1066 1244 1109 suam

147 1157 261 1213 navem
278 1150 415 1230 longam
430 1156 647 1231 receperunt3
671 1170 748 1212 nam
770 1158 837 1212 non
859 1148 983 1212 diritius
998 1149 1039 1212 de
1055 1148 1183 1213 iniuriis
1197 1156 1244 1212 in-

148 1254 292 1317 ferendis
308 1253 510 1334 cogitabant,
524 1252 583 1316 sed
603 1254 675 1316 sine
696 1259 789 1315 mora
809 1259 928 1315 navem
951 1253 1123 1316 solverunt
1144 1262 1245 1336 atque

118 1358 176 1423 roin
202 1377 296 1421 mare
321 1366 474 1437 apertum
502 1365 671 1438 progressi
697 1365 784 1420 sunt.
843 1356 896 1419 Ita
922 1363 942 1418 a
969 1357 1088 1439 puellis
1114 1356 1245 1421 duabus

147 1462 304 1544 oppidum
323 1466 489 1523 servitum
506 1470 565 1524 est.

567 1722 751 1789 LESSON
773 1727 824 1804 '52

452 1889 509 1953 An
532 1888 694 1972 Example
717 1891 758 1973 of
773 1889 942 1954 Fortitude

186 2055 264 2119 lndr
296 2053 491 2117 Americani
520 2072 687 2114 summum
718 2052 898 2114 cruciatum
927 2053 999 2116 sine
1023 2053 1149 2135 gemitu
1175 2062 1244 2137 pati

142 2167 294 2240 possunt,
311 2168 412 2239 atque
423 2156 506 2219 vIndi
523 2155 663 2217 Asiatici
677 2155 759 2217 nudi
773 2155 927 2218 dicuntur
939 2157 1025 2219 inter
1038 2159 1130 2219 nives
1142 2165 1244 2219 vitam

143 2282 253 2342 agere,
271 2280 381 2341 neque
398 2260 496 2322 edere
512 2259 682 2340 gemitum,
700 2266 763 2321 etsi
784 2258 879 2338 ignes
895 2259 1143 2321 admoveantur.
1192 2260 1245 2323 Illi

98 2382 119 2434 5
140 2376 255 2430 tamen
272 2364 420 2427 cruciatu
437 2364 568 2425 fortiter
582 2362 723 2424 ferendo
741 2363 911 2424 Romanos
929 2361 1019 2423 nullo
1035 2363 1134 2424 modo
1150 2383 1244 2444 supe·

141 2479 227 2533 rant.
276 2468 364 2530 Nam
380 2468 467 2542 olim,
485 2486 560 2529 cum
576 2466 632 2527 diu
649 2485 758 2548 neque
775 2465 916 2528 feliciter
933 2464 1056 2527 bellum
1073 2486 1148 2528 cum
1165 2474 1244 2547 rege

188 2657 210 2695 1.
235 2643 320 2694 muz
340 2639 671 2708 tibia‚-ae,1=.,flute.-
768 2656 810 2701 13.
834 2640 914 2690 nudi:
937 2637 1012 2708 pred.
1033 2637 1243 2709 adi-vitum:

139 2725 290 2790 tympano:
304 2726 475 2788 tympanum,
485 2725 514 2786 -i,
524 2735 564 2784 ru,
574 2722 667 2772 drum.
721 2719 853 2773 translate
865 2736 895 2771 as
908 2719 943 2789 pl.

188 2821 212 2856 a.
238 2804 413 2869 interposito:
441 2801 474 2856 cl.
494 2819 521 2871 p.
542 2801 623 2871 36,1.
643 2804 667 2856 8.
766 2818 805 2864 14.
832 2802 924 2852 edere:
956 2806 1006 2852 not
1032 2802 1242 2855 edere-etsi:

140 2885 270 2935 -clt'arez
289 2880 363 2945 adv„
376 2880 473 2949 lmedly.
721 2880 1049 2950 neumaga-ignes:
1070 2881 1200 2934 translate
1214 2899 1244 2936 as

186 2980 211 3028 5.
238 2965 517 3027 truutympanoque:
539 2978 585 3015 see
602 2961 619 3013 l.
638 2977 667 3028 ¹3
721 2961 793 3030 sing.
807 2963 1067 3013 -admoveantun
1113 2978 1152 3015 sc.
1187 2967 1242 3030 eis3

142 3043 184 3098 for
195 3052 302 3115 syntax,
315 3042 351 3097 cf.
361 3044 494 3108 manibus,
504 3059 531 3111 p.
543 3057 584 3111 59,
595 3042 611 3093 l.
625 3043 649 3094 8.
719 3040 900 3111 subjunctive,
921 3041 1039 3095 because
1060 3050 1121 3110 part
1145 3041 1176 3096 of
1197 3043 1245 3098 the

186 3131 212 3176 6.
239 3129 287 3177 ne:
316 3123 400 3195 (after
422 3140 440 3176 a
460 3122 526 3177 verb
546 3122 578 3176 of
598 3123 667 3176 lear-
718 3121 834 3176 indirect
860 3121 1010 3176 discourse.
1062 3121 1173 3176 Render
1198 3123 1244 3177 the

145 3203 205 3276 ing)
218 3205 288 3258 that.
716 3203 804 3257 whole
822 3202 921 3272 phrase
939 3201 1032 3273 ireely.

187 3302 211 3351 7.
238 3301 331 3338 suam:
351 3285 386 3339 cf.
400 3301 486 3350 suum,
500 3302 526 3352 p.
540 3284 611 3343 11‚1.
625 3283 652 3337 6.
762 3299 801 3348 15.
829 3283 954 3337 terendo:
988 3286 1019 3337 in
1052 3281 1112 3352 (the
1143 3291 1245 3338 matter

187 3374 212 3419 8.
238 3367 402 3419 inferendlsz
440 3365 590 3434 inflicting‚·
630 3364 664 3418 cl.
717 3365 767 3435 of)
788 3365 917 3435 beam'ng3
940 3362 975 3418 cf.
998 3363 1155 3431 inferendis,
1174 3364 1191 3417 l.
1216 3366 1242 3418 8.

147 3445 191 3501 the
203 3447 276 3501 force
290 3446 322 3501 of
336 3448 383 3500 tbe
395 3445 545 3516 gerundive
558 3463 588 3498 as
601 3463 666 3499 seen
717 3445 779 3499 The
800 3444 919 3500 ablative
940 3462 1083 3515 expresses
1105 3445 1244 3516 specifica·

148 3525 175 3579 in
192 3527 239 3582 the
256 3546 305 3581 use
323 3527 387 3580 with
407 3530 442 3579 ad
460 3527 515 3580 and
537 3531 618 3579 causi
639 3526 668 3579 in
719 3525 786 3580 tion.

149 3623 260 3677 purpose
280 3609 394 3661 clauses.
765 3614 805 3659 16.
832 3621 918 3672 neque
927 3607 1059 3660 feliciter:
1080 3608 1245 3661 andunsuc-

190 3706 214 3751 9.
240 3691 393 3740 solverunt:
433 3688 471 3740 lit.
508 3688 602 3752 loosed,
638 3702 668 3740 or
719 3686 862 3757 cessfully5
890 3687 926 3740 cf.
953 3687 1000 3740 the
1019 3698 1083 3740 note
1100 3705 1138 3741 on
1159 3705 1187 3757 p.
1204 3700 1244 3753 17,

151 3771 281 3826 released:
300 3784 346 3821 see
360 3768 406 3820 the
420 3767 524 3822 Vocab.
720 3766 739 3818 l.
752 3767 779 3819 8.
