2700 4186
483 243 596 301 FIRST
623 243 743 300 LATIN
771 241 936 299 READER

585 477 768 543 LESSON
799 489 840 559 45

461 661 527 728 The
548 663 673 727 Fatlrer
692 663 733 745 of
748 663 802 725 leis
826 660 967 746 Counlty

203 818 294 884 Laus
317 819 461 882 maxima
484 817 685 897 Vasingtoni
705 816 881 878 tribuenda
900 827 960 892 est,
980 816 1070 899 quod
1092 823 1128 880 sa
1147 824 1260 898 ragem

157 924 269 988 facere
282 925 395 987 noluit.
436 920 503 986 Sed
516 921 586 983 eius
597 927 719 982 namen
733 929 845 982 manet
858 940 1054 1003 semperque
1066 928 1261 983 mansurum

157 1037 209 1091 est
218 1028 252 1089 in
264 1028 383 1090 animis
396 1023 577 1099 hominum,
589 1025 623 1086 in
634 1024 829 1086 aeternitate
839 1033 1037 1105 temporum,
1049 1045 1158 1107 neque
1172 1025 1262 1087 aliud

85 1184 89 1197 .
158 1150 314 1213 umquam
331 1131 374 1192 ab
394 1129 603 1192 Americanis
623 1133 730 1209 aequa
746 1126 918 1190 amabitur.
967 1127 1068 1210 Quod
1089 1127 1145 1192 ille
1167 1138 1263 1210 pater

133 1235 285 1316 spatriae
308 1233 495 1316 appellatus
518 1242 578 1307 est,
603 1231 655 1293 hie
678 1241 729 1293 est
754 1220 872 1305 honor,¹
891 1241 948 1313 qui
972 1239 1087 1312 paucis
1110 1233 1262 1313 contigit.

160 1339 247 1402 Nam
271 1338 391 1401 abhinc
414 1337 536 1399 multas
560 1343 665 1397 annas
689 1334 805 1398 Cicero
824 1333 870 1397 ita
888 1346 939 1398 est
957 1342 1105 1411 vocatus,
1122 1356 1196 1400 cum
1220 1345 1263 1398 vi·

158 1442 258 1506 clsset
273 1450 352 1504 civis
369 1439 541 1522 pessimas,
560 1447 702 1521 quirem
720 1437 887 1519 publicam
911 1440 1051 1520 perdere
1067 1440 1263 1513 voluerant;

157 1555 192 1609 et
214 1545 395 1627 antiquitus
415 1545 478 1607 hoc
496 1542 585 1606 idem
604 1548 792 1623 cognomen
812 1542 953 1606 Camillo
970 1550 990 1605 a
1010 1543 1137 1607 civibus
1158 1551 1264 1625 gratis

157 1649 228 1712 iure
242 1648 357 1711 datum
373 1657 433 1711 est.

119 1768 150 1809 ιο
203 1753 290 1815 Nam
306 1751 362 1815 ille
377 1752 426 1814 vir
440 1752 621 1826 Romanus,
632 1749 698 1812 dux
715 1749 810 1813 fortis
828 1752 1013 1835 clarusque,
1024 1751 1144 1821 iniuria
1159 1750 1193 1814 in
1210 1751 1264 1815 ias

158 1862 304 1931 vocatus,
318 1855 445 1918 abierat
456 1856 490 1917 in
503 1855 664 1929 exsilium,
679 1853 878 1937 vivebatque
892 1856 981 1936 apud
994 1855 1171 1930 Ardeatas
1186 1875 1264 1918 cum

158 1960 246 2025 Galli
262 1958 395 2040 plurimi
410 1965 502 2021 trans
519 1966 649 2022 montes
665 1958 699 2020 in
719 1943 851 2023 ltaliam
868 1959 978 2022 subita
999 1960 1150 2041 profecti,
1169 1980 1264 2041 proe-

159 2062 202 2126 lio
224 2069 293 2126 acri
314 2069 465 2126 vicerunt
489 2063 669 2139 Romanas,
691 2064 875 2146 urbemque
897 2063 1005 2144 ipsam
1029 2062 1261 2126 incendarunt.

157 2167 245 2230 Tum
262 2166 431 2240 Camillus,
444 2167 585 2229 concilio
601 2175 793 2244 convocata,
808 2166 975 2231 Ardeates
992 2167 1142 2229 hortatus
1158 2175 1210 2229 est
1226 2177 1264 2231 ut

120 2286 147 2341 15
157 2270 315 2334 audacter
331 2270 417 2333 linas
433 2270 656 2334 defenderent
672 2279 760 2348 suas,
780 2273 1007 2353 Romanisque
1025 2271 1156 2334 fortiter
1172 2272 1264 2333 auxi-

158 2373 237 2438 lium
262 2373 398 2437 ferrent.
448 2374 575 2456 Itaque,
592 2374 649 2437 iiio
664 2375 758 2450 duce,
780 2374 942 2456 oppidani
961 2380 1063 2437 noctu
1082 2374 1167 2436 elam
1190 2394 1264 2456 pro·

157 2477 246 2555 fecti,
263 2476 297 2541 in
314 2478 476 2560 quosdam
495 2478 618 2552 Gallae,
637 2485 695 2561 qui
717 2478 789 2542 sine
811 2477 970 2542 custodiis
991 2477 1025 2540 in
1041 2485 1123 2559 agro
1144 2487 1263 2561 aperto

202 2658 226 2696 ι.
251 2643 312 2696 leue
341 2643 454 2714 (laudis,
488 2642 551 2710 s)·
584 2644 680 2698 ereda
725 2646 806 2716 sewi
826 2660 921 2711 masc,
934 2660 965 2697 as
981 2659 1066 2697 noun.
1080 2643 1261 2708 -oontigitt

157 2724 412 2776 -tribuendaestz
431 2725 522 2777 isdue
537 2726 682 2795 (tribu6,3,
734 2727 867 2791 contingo,
887 2739 912 2793 3,
931 2725 1006 2790 -tigt,
1022 2722 1086 2794 sall
1104 2724 1146 2793 (to
1162 2723 1208 2776 tlte
1227 2724 1262 2777 bl

156 2804 249 2869 tribul,
267 2805 394 2869 tributus,
410 2805 483 2872 grae,
504 2820 536 2858 or
555 2804 682 2873 areale).
659 2806 795 2878 )),of
814 2821 847 2860 or
862 2805 974 2874 hoppen
995 2804 1063 2875 (lo).

157 2886 285 2949 -quodz
304 2883 366 2938 that
382 2882 600 2954 (conjunction).
796 2902 821 2951 7.
848 2887 973 2951 perdere:
995 2886 1129 2954 perda,3,
1146 2857 1261 2952 perdidi,

201 2981 226 3016 ιι.
252 2969 406 3016 mansarum
433 2968 490 3017 est.
518 2964 551 3019 cf.
575 2965 683 3019 tuturus
733 2969 865 3034 perditus,
877 2983 955 3020 rum

157 3046 224 3110 eret,
236 3062 262 3114 p.
276 3060 317 3114 31,
331 3045 347 3098 l.
361 3059 387 3112 7.
796 3055 820 3101 8.
844 3051 1005 3112 signamen.
1021 3049 1177 3112 cognomen,
1185 3061 1261 3114 -rnrs,

201 3141 225 3188 5.
249 3128 429 3180 aeternitate:
524 3130 682 3194 aeternitas,
733 3143 774 3194 ιι,
786 3129 1010 3193 lille-gratis:
1025 3126 1162 3197 grateful.

157 3207 232 3271 atu,
262 3221 299 3273 rt,
330 3207 435 3261 endlesr
464 3213 682 3262 calena-tem·
780 3228 820 3262 11.
847 3212 993 3263 Ardeatis:
1012 3208 1156 3279 peopleos
1163 3208 1261 3261 Ardea

156 3300 266 3352 porum:
291 3286 336 3340 the
356 3303 427 3358 ages.
438 3291 569 3343 —elludr
595 3289 678 3360 (any)
736 3293 767 3362 (a
780 3298 854 3345 town
869 3290 954 3344 about
969 3297 1071 3360 twenty
1084 3288 1162 3342 miles
1177 3289 1260 3342 south

155 3365 240 3419 other.
733 3368 765 3424 of
775 3368 889 3437 Rome).

200 3453 360 3514 eaeque:
401 3449 471 3515 adv,
510 3449 626 3520 equally.
647 3479 683 3490 —
779 3468 817 3501 ιι.
844 3452 930 3503 Gelli:
951 3450 996 3502 llre
1016 3449 1112 3511 Gauls‚
1127 3465 1144 3501 a
1160 3448 1259 3518 people

157 3529 242 3593 quod:
263 3530 355 3599 assor
366 3529 481 3601 lhcfact
493 3531 562 3583 that
733 3530 888 3601 inhabrung
899 3530 947 3584 the
959 3537 1144 3598 countrynow
1157 3529 1258 3583 known

200 3623 224 3672 5.
250 3612 293 3662 bic
318 3614 376 3663 est:
409 3609 465 3663 this
496 3612 538 3675 is,·
568 3609 611 3666 lor
635 3609 681 3664 the
732 3627 763 3664 as
777 3613 890 3665 France.

156 3688 268 3759 gender,
297 3688 331 3744 cl
362 3689 409 3744 the
439 3698 504 3744 note
534 3707 571 3745 on
602 3693 818 3756 quod,13
844 3695 952 3744 urbem:
963 3690 996 3746 cf.
1006 3689 1053 3745 the
1064 3698 1129 3745 note
1138 3706 1177 3744 on
1186 3693 1256 3750 urbe

156 3769 509 3840 p3‚.016.peucts:
544 3770 680 3837 (ruma
731 3770 884 3838 ρ..481.3
950 3802 951 3805 =
