2700 4186
167 235 226 320 156
488 239 603 298 FIRST
629 239 752 296 LATIN
779 240 943 298 READER

162 416 196 479 in
213 417 385 501 plinitie'm
409 419 564 498 deduxit3
588 440 731 505 cumque
754 420 887 503 longius
909 431 1000 511 esset
1018 421 1097 486 inde
1113 429 1258 504 prognes

163 542 229 598 sus,
253 524 410 588 conlecto
439 524 504 586 iam
537 523 649 588 labore
679 526 836 600 exercitu,
860 524 935 588 loco
965 525 1079 609 iniquo
1108 525 1272 589 constitit.

162 627 248 690 Tum
273 634 341 691 suis
373 635 505 709 signum
533 627 643 691 subito
665 627 723 692 dat
747 627 894 692 Saburra
916 629 1090 713 aciemque
1113 629 1271 712 explicat.

164 731 314 794 Peditau'i
332 739 440 813 primo
462 730 506 794 ad
525 730 671 814 speciem
687 742 819 796 tanturn
836 734 949 810 utitur,
965 726 1095 816 equites
1110 730 1145 795 in
1160 732 1272 799 aciem

138 845 310 908 §nostram
325 833 471 899 inmittit

575 1019 760 1087 LESSON
797 1033 854 1102 125

440 1200 569 1271 Curio's
591 1205 697 1287 Amy
720 1205 749 1267 is
772 1204 994 1270 Annihilated

205 1366 396 1450 Repentina
419 1374 455 1430 re
478 1367 613 1429 minime
636 1376 806 1449 permotus
831 1369 932 1432 Corio
947 1368 1081 1432 ordines
1102 1371 1272 1434 circumiit

160 1469 348 1553 militesque
364 1472 515 1534 hortatus
531 1481 584 1534 est
599 1480 635 1534 ut
651 1491 744 1553 spem
762 1491 896 1534 onmem
909 1472 943 1533 in
955 1473 1077 1536 virtute
1090 1480 1270 1554 ponerent.

162 1573 210 1636 Hi
232 1581 339 1655 primo
362 1574 542 1637 fortissime
566 1574 788 1650 dimicabant:
815 1575 873 1638 sed
898 1576 1022 1651 hostes,
1046 1585 1104 1658 qui
1126 1586 1280 1640 numero·

160 1677 260 1758 longe
276 1687 371 1740 erant
394 1679 593 1759 superiores,
606 1665 687 1742 'mox
703 1680 807 1742 aciem
831 1689 980 1742 nostram
1003 1679 1270 1743 circumventam

121 1788 179 1858 roa
195 1787 290 1862 tergo
305 1781 427 1843 adoriri
443 1788 634 1862 coeperunt.
680 1783 768 1845 Tum
794 1783 904 1858 Curio,
923 1782 979 1844 ubi
996 1784 1180 1864 perterritis
1197 1804 1268 1846 orn-

160 1884 257 1948 nibus
274 1885 518 1948 cohortationes
535 1893 612 1949 suas
629 1895 697 1949 non
714 1887 820 1949 audiri
835 1886 1006 1962 intellexit,
1024 1894 1124 1949 unam
1146 1887 1270 1952 sallitis

159 2005 233 2049 esse
257 2004 350 2068 spem
375 1987 536 2069 reliquam
560 1987 748 2062 arbitratus,
766 1988 933 2069 proximos
958 1987 1060 2050 colles
1080 2007 1203 2069 capere
1219 1999 1268 2052 at-

160 2109 224 2173 que
247 2097 288 2153 er')
312 2100 407 2172 signa
431 2092 518 2155 ferre
541 2092 645 2156 iussit.
699 2091 766 2156 Sed
791 2092 852 2153 hos
876 2111 1009 2174 quoque
1037 2103 1268 2174 praeoccupat

159 2194 280 2257 missus
296 2202 316 2258 a
334 2196 480 2260 Saburra
496 2198 671 2280 equitatus.

122 2317 149 2369 ις
202 2299 289 2361 Τιιιιι
307 2307 385 2362 vero
401 2300 442 2363 ad
459 2321 622 2364 summam
647 2301 913 2382 desperationem
930 2309 1037 2363 nostri
1054 2300 1268 2381 perveniunt,

159 2411 193 2466 et
209 2402 271 2467 Cn.
293 2404 470 2480 Domitius,
488 2405 679 2487 praefectus
695 2405 854 2486 equitum,
872 2424 947 2466 cum
964 2413 1080 2487 paucis
1096 2402 1268 2486 equitibus

159 2506 415 2584 circumsistens,
436 2508 615 2573 Curionem
634 2517 708 2572 orat
726 2518 762 2570 ut
778 2508 860 2589 lugi
884 2518 976 2589 petat
998 2509 1149 2580 saltitem,
1172 2517 1206 2570 et
1228 2516 1268 2571 se

158 2611 201 2674 ab
217 2617 257 2674 eo
272 2619 339 2674 non
355 2611 580 2675 discessurum
597 2611 779 2693 pollicetur.
826 2611 875 2674 At
891 2612 993 2676 Curio
1016 2630 1198 2693 numquam
1216 2619 1265 2688 se,

221 2818 245 2853 1.
271 2802 393 2866 longine:
434 2800 521 2857 absol.
558 2818 679 2871 compar.
778 2819 820 2855 ιι.
846 2803 1059 2856 οοΙιοιιᾰιίὖιιειε
1103 2803 1266 2870 colonitio,

157 2883 277 2934 -indot
296 2882 340 2934 rie.
355 2881 424 2936 from
440 2883 489 2937 the
501 2882 580 2952 point
592 2883 683 2936 where
733 2884 812 2947 -onis,
836 2897 874 2949 ιι,
896 2881 1075 2936 exhortationi.

158 2961 194 3016 he
206 2961 262 3014 had
274 2960 322 3015 left
334 2961 381 3016 the
394 2962 467 3016 hills.
778 2980 817 3015 η.
845 2977 936 3029 spem:
979 2962 1264 3029 chance-capere:

217 3059 242 3094 2.
268 3041 405 3096 confoto:
452 3051 580 3099 construe
617 3041 683 3096 with
734 3042 814 3097 make
830 3043 904 3114 for,-
930 3059 961 3096 as
981 3040 1096 3114 subject,
1116 3045 1179 3095 ιιιδι
1199 3059 1266 3115 may

157 3124 285 3176 exercitu.
734 3124 769 3180 be
781 3124 915 3195 supplied.

217 3222 242 3269 4.
266 3209 369 3271 primo:
387 3204 434 3259 the
447 3203 511 3258 adv.
779 3224 818 3270 13·
845 3210 891 3259 eo:
913 3206 959 3260 the
987 3205 1050 3260 adv.
1062 3209 1193 3271 -nignu
1214 3223 1265 3261 see

218 3292 243 3337 8.
270 3287 451 3338 dimicabant:
488 3285 553 3355 kept
576 3287 616 3356 up
640 3284 685 3341 the
734 3286 781 3340 the
795 3294 874 3340 notes
887 3304 924 3341 on
936 3304 984 3357 pp.
998 3301 1055 3355 130,
1067 3285 1087 3339 l.
1100 3301 1123 3353 1,
1132 3284 1190 3339 and
1203 3301 1265 3355 131,

155 3365 237 3436 figkt.
733 3363 751 3420 l.
767 3365 808 3420 16.
820 3396 855 3406 -
865 3370 930 3420 hos:
950 3369 994 3421 rie.
1010 3368 1100 3420 colles.

218 3464 243 3510 9.
270 3447 496 3500 circumventum:
513 3445 683 3501 tmnslateas
781 3463 820 3511 15·
848 3449 1078 3514 impetitionem:
1098 3449 1265 3514 (impetitio,

156 3525 179 3579 ii
188 3528 419 3580 circumvenerunt
431 3542 551 3593 eamque.
734 3529 813 3594 -onls,
826 3541 865 3593 ιζ,
877 3529 998 3599 despair.

201 3625 241 3660 10.
267 3611 390 3674 itorgd:
410 3606 444 3661 cf.
460 3624 487 3677 p.
503 3606 577 3674 78,l.
595 3607 682 3659 18.-
718 3605 720 3609 ’
778 3615 819 3661 18.
843 3623 990 3674 numquam
1007 3613 1045 3675 ιδ,
1065 3615 1136 3663 ete:
1157 3607 1265 3664 thein-

155 3690 292 3743 omnibus:
319 3705 402 3755 noun,
423 3687 542 3756 forming
562 3703 599 3739 an
623 3686 677 3740 abl.
731 3686 818 3744 direct
827 3687 965 3742 discourse
976 3686 1100 3758 depende
1112 3704 1189 3758 upon
1200 3692 1263 3744 oon·
1338 3758 1341 3763 Ι

155 3767 241 3822 absol.
255 3767 321 3822 with
333 3769 490 3836 perterritis.
731 3768 834 3835 firmat,
847 3785 874 3838 p.
892 3782 949 3837 ¹57·
962 3767 980 3821 l.
996 3782 1022 3822 2.
