2700 4186
259 686 755 842 inri'n-nnonsn
813 741 1157 842 nxnncisns

295 1020 486 1098 EARLY
524 1021 828 1096 AMERICAN
869 1019 1124 1097 HISTORY

590 1253 776 1320 LESSON
812 1271 824 1319 1

507 1419 716 1505 Christopker
736 1419 911 1486 Columbus

200 1577 355 1661 Quodam
385 1577 420 1640 in
451 1576 578 1658 oppido
608 1561 727 1639 italiae
757 1576 835 1640 olim
866 1583 965 1640 natus
995 1585 1047 1640 est
1076 1596 1170 1660 puer,
1200 1582 1257 1660 qui

158 1680 339 1746 Columbus
363 1679 605 1763 appellibatur.
654 1681 721 1742 Dio
744 1681 779 1742 in
804 1681 907 1762 patris
931 1679 1063 1743 officina
1085 1680 1255 1744 laboravit.

158 1784 224 1849 Sed
242 1805 347 1866 prope
362 1795 435 1851 erat
450 1804 550 1859 mare,
568 1803 718 1866 puerque
734 1803 834 1864 saepe
854 1783 896 1845 ad
920 1784 997 1852 litus
1016 1784 1094 1859 ibat,
1111 1793 1148 1845 ut
1170 1783 1258 1845 vide-

156 1899 206 1952 ret
229 1896 341 1965 naves,
367 1907 452 1971 quae
477 1895 495 1950 ἓ
522 1895 619 1970 portu
648 1888 690 1950 ad
717 1894 823 1950 terras
848 1887 983 1950 exibant
1009 1888 1167 1950 diversas.
1215 1887 1256 1949 In

133 1992 296 2068 snivibus
311 2003 406 2056 erant
422 1992 575 2055 homines
592 1992 693 2067 multi,
708 2002 743 2054 et
759 1991 942 2056 Columbus
959 2012 1049 2055 mare
1064 1992 1137 2072 ipse
1153 1998 1257 2054 trans·

155 2105 200 2160 ire
229 2117 329 2178 saepe
353 2097 475 2170 voluit;
507 2106 577 2158 turn
602 2104 714 2159 autem
743 2097 919 2177 pecuniam
947 2095 1072 2157 nullam
1100 2094 1254 2158 habebat.

157 2200 223 2264 Sed
249 2207 374 2282 posteri,
397 2220 471 2262 eum
496 2201 561 2263 iam
585 2200 714 2263 iuvenis
737 2209 835 2276 esset,
853 2220 959 2282 usque
982 2199 1024 2261 ad
1049 2198 1254 2262 Britanniam

155 2316 188 2368 et
210 2289 363 2367 Africam
387 2304 565 2385 navigivit.
592 2344 594 2348 .

199 2409 269 2471 Illis
286 2408 491 2490 temporibus
512 2418 634 2472 nautae
655 2408 817 2495 timebant
838 2429 930 2471 mare
948 2409 1168 2485 Atlanticum,
1186 2428 1256 2471 cur-

118 2544 147 2580 ,ο
156 2532 295 2595 sumque
311 2532 416 2594 prope
433 2513 509 2576 litus
526 2513 693 2575 tenebant.
743 2510 916 2577 Interdum
939 2523 1049 2575 autem
1072 2512 1253 2577 secundum

156 2600 293 2679 bfricae
316 2623 408 2678 oram
432 2617 532 2696 longe
557 2616 748 2696 navigdtum
774 2627 855 2691 erat,
880 2616 968 2698 quod
995 2617 1173 2691 Henricus,
1198 2624 1255 2678 rex

158 2719 358 2794 Lusitaniae,
376 2719 524 2782 invenire
544 2720 631 2782 viam
653 2719 794 2795 volebat,
808 2726 875 2802 quai
896 2727 998 2782 naves
1018 2719 1142 2782 circum
1166 2705 1255 2782 Afri-

156 2844 227 2886 cam
245 2831 451 2905 progressae,
469 2823 511 2885 ad
528 2823 646 2886 Asiam
663 2831 836 2905 pervenire
853 2829 1000 2905 possent.

217 3011 285 3062 Line
302 3025 327 3060 2.
354 3007 475 3062 officina:
499 3009 613 3078 officina,
626 3025 679 3077 -ae,
728 3010 823 3076 sailed,
842 3009 881 3063 lit.
898 3012 922 3063 it
936 3009 998 3064 had
1010 3010 1072 3064 been
1090 3009 1181 3063 sailed
1192 3011 1254 3084 (im-

156 3104 192 3154 r.,
204 3090 360 3160 worleslzop.
729 3090 856 3161 personal
870 3090 1005 3160 passive).

217 3187 241 3235 7.
267 3173 421 3236 usquead:
444 3170 487 3224 all
501 3170 545 3225 tlte
561 3187 625 3240 way
642 3176 678 3237 to,
776 3189 815 3224 12.
842 3177 911 3238 quai:
946 3172 978 3242 by
1006 3170 1114 3237 whzth‚·
1147 3181 1256 3228 antece·

156 3251 193 3305 lit.
206 3268 272 3305 even
284 3256 321 3304 to.
729 3252 804 3319 dent,
816 3255 898 3305 viam.

215 3350 240 3396 9.
267 3333 324 3384 illis
343 3333 526 3399 temporibus:
552 3334 582 3385 r'n
604 3330 679 3386 those
776 3352 815 3397 13·
841 3337 969 3400 possent:
1000 3333 1082 3388 could
1087 3352 1097 3399 ‚⁰
1127 3332 1255 3402 subjunc-

154 3414 230 3482 days.
730 3412 785 3468 tive
798 3416 825 3466 in
836 3431 852 3467 a
862 3414 975 3469 relative
985 3416 1076 3470 clause
1084 3413 1116 3468 of
1125 3428 1252 3482 purpose.

200 3511 240 3547 ιο.
266 3495 417 3546 interdum:
438 3500 487 3547 not
500 3494 617 3545 interim.
732 3496 764 3548 ln
791 3495 954 3566 translating
976 3495 1024 3549 the
1046 3495 1111 3548 verb
1135 3507 1253 3558 possum,

200 3592 237 3626 rr.
263 3579 352 3628 oram:
378 3576 424 3628 Le.
446 3576 513 3625 litus
537 3576 604 3645 (dra,
626 3589 678 3635 -ae,
730 3591 807 3628 some
832 3575 911 3628 other
933 3576 1080 3648 rendering
1103 3574 1168 3628 than
1195 3572 1253 3625 “be

155 3657 208 3720 n).
217 3657 421 3721 -nivigitum
430 3658 486 3707 erat
499 3674 504 3686 ·
522 3655 613 3725 deople
622 3654 683 3708 had
730 3655 792 3709 able
802 3657 817 3683 ''
829 3654 929 3708 should
942 3655 1016 3709 oster
1030 3655 1066 3709 be
1077 3654 1189 3709 chosen.
