2700 4186
162 229 202 298 28
485 234 599 292 FIRST
623 235 745 293 LATIN
772 235 936 293 READER

159 413 279 490 lectus,
307 434 384 478 cum
411 421 555 497 primum
581 414 616 479 in
639 422 753 481 eorum
777 423 994 498 conspectum
1016 417 1109 484 venit
1131 429 1259 484 summo

158 524 298 580 assensu
326 517 473 582 omnium
501 519 568 582 dux
592 519 704 582 factus
726 528 787 582 est.
834 519 902 602 Qui
923 521 1034 603 igitur,
1058 541 1260 606 quamquam

159 621 285 685 sciebat
313 622 459 703 ligatum
486 628 603 705 postea
627 628 746 686 iritum
771 629 807 686 si
828 623 973 688 fortasse
995 626 1260 703 interfecturum,

158 724 193 787 in
208 727 287 789 linis
302 736 419 790 tamen'
438 727 597 791 Indorum
619 727 734 809 copiis
756 725 858 804 duxit,
883 727 1063 811 hostisque
1085 729 1120 792 in
1143 729 1260 812 lugam

134 830 305 914 sundique
320 830 421 895 dedit.
469 829 569 912 Quod
584 828 641 894 ubi
661 840 713 894 est
735 831 895 907 auditum,
919 831 1050 913 legatus
1072 853 1114 896 ex
1136 834 1261 916 oppido

159 933 311 997 celeriter
327 934 498 1016 profectus
514 943 575 1009 est,
592 942 629 997 ut
646 935 813 998 Beconem
834 943 970 1016 caperet
993 935 1261 1021 suppliciumque

160 1036 203 1100 de
217 1043 259 1101 eo
274 1043 432 1114 sumeret,
447 1036 538 1123 quod
552 1036 680 1101 iniussu
697 1044 758 1101 suo
772 1037 897 1101 bellum
913 1057 990 1103 cum
1007 1039 1102 1105 Indis
1116 1051 1259 1125 gereret.

581 1262 767 1332 LESSON
797 1279 837 1348 ις

427 1447 617 1516 Nathaniel
633 1448 744 1513 Boron
764 1446 989 1536 (continued)

164 1681 167 1687 ἢ
203 1603 302 1669 Brevi
320 1613 432 1668 autem
455 1603 498 1667 ad
514 1612 617 1687 caput
631 1602 821 1686 provinciae
838 1604 968 1684 legatus
983 1603 1136 1669 celeriter
1150 1605 1259 1670 redire

157 1717 210 1773 est
225 1715 375 1785 coactus;
400 1708 589 1771 nuntiatum
605 1709 694 1769 enim
710 1717 762 1770 est
777 1707 974 1788 oppidanos,
996 1715 1080 1791 quos
1099 1709 1191 1773 domi
1213 1730 1260 1774 re·

119 1838 148 1876 ιο
156 1811 299 1895 liquerat
321 1820 444 1895 quique
467 1812 579 1874 iuveni
601 1811 678 1873 duci
698 1810 888 1872 amicissimi
903 1821 1008 1887 erant,
1025 1819 1078 1875 res
1093 1819 1198 1876 novis
1214 1812 1260 1876 ibi

157 1915 293 1998 agitare.
341 1915 549 1998 Quibuscum
571 1914 701 1996 legitus
725 1923 795 1975 tum
820 1921 936 1996 pacem
961 1916 1056 1993 fecit;
1081 1926 1258 1998 postquam

156 2027 236 2084 vcro
260 2020 349 2083 Beco
372 2019 505 2082 demum
526 2025 546 2080 e
561 2017 650 2080 bello
666 2017 848 2098 longinquo
864 2017 999 2080 domum
1016 2020 1121 2093 rediit,
1140 2021 1257 2096 coloni,

157 2125 303 2206 legatum
321 2124 431 2186 adhuc
448 2142 522 2186 esse
537 2128 656 2184 iratum
679 2119 837 2197 arbitrati,
858 2118 979 2185 'noctes
1003 2123 1141 2206 diesque
1163 2123 1259 2188 ducis

50 2279 53 2284 ,
156 2234 225 2291 cari
239 2228 339 2291 aedes
355 2225 602 2302 custodiebant5
626 2244 779 2306 eumque,
802 2244 877 2287 cum
901 2225 1002 2307 paulo
1025 2236 1102 2309 post
1123 2227 1259 2291 decurio

119 2331 267 2403 refactus
290 2340 387 2407 esset,
404 2331 500 2392 multi
522 2329 659 2393 comites
676 2335 794 2390 armati
809 2328 851 2390 ad
871 2329 1031 2411 oppidum
1047 2338 1155 2394 secuti
1169 2342 1257 2396 sunt.

126 2433 128 2438 ’
158 2435 210 2500 Ibi
231 2445 340 2500 tamen
365 2435 502 2516 legatus,
527 2441 584 2515 qui
607 2451 739 2516 quoque
762 2432 876 2512 copiis
898 2439 1064 2514 coegerat,
1091 2436 1258 2499 Beconem

156 2538 269 2604 statim
283 2537 404 2618 rapuit,
421 2558 498 2600 mox
514 2547 625 2600 autem
642 2534 684 2598 ab
705 2534 882 2616 oppida‘mis
902 2542 995 2600 iratis
1017 2536 1183 2601 dimittere
1207 2560 1258 2602 co·

155 2648 250 2708 actus
264 2651 326 2706 est.
376 2641 444 2708 Sed
464 2640 603 2717 iuvenis,
627 2645 742 2722 paucis
766 2647 842 2720 post
864 2638 982 2703 diebus
1004 2642 1125 2705 certior
1148 2643 1259 2706 factus

201 2811 223 2847 1.
247 2797 449 2860 cumprimum:
463 2793 663 2846 iaassoonos.
778 2806 817 2842 10.
844 2789 951 2843 iuveni:
966 2789 1258 2862 hereasadjective.-

198 2893 224 2929 2.
249 2877 384 2930 omnium:
404 2890 435 2928 as
456 2872 572 2945 (masc.)
596 2889 680 2938 noun,
731 2873 784 2922 res
806 2875 929 2924 novis:
953 2871 1179 2929 revolution:
1202 2873 1254 2927 lit.

156 2954 309 3026 modifying
345 2956 592 3021 assensu-qut:
642 2951 677 3008 cf.
730 2949 821 3004 what?

154 3050 182 3106 p.
198 3034 253 3105 5,l.
270 3050 293 3103 3.
777 3046 816 3083 11.
843 3033 964 3097 agium:
985 3033 1070 3099 agito,
1093 3045 1116 3100 1,
1131 3034 1258 3104 plan.—

197 3132 221 3179 3.
246 3118 362 3170 ῑιῑιιιιιιιι
389 3116 421 3170 in
444 3114 517 3188 (his)
539 3132 678 3187 angen-
731 3111 912 3177 quibuscum:
957 3110 993 3167 cf.
1037 3116 1135 3180 secum,
1171 3131 1199 3185 p.
1232 3117 1257 3183 8,

153 3193 284 3249 fortasse:
316 3196 386 3262 adu,
409 3195 678 3268 perhaps—inter·
730 3189 749 3245 l.
767 3205 808 3257 14.

152 3274 301 3329 lecturum:
321 3292 360 3330 sc.
375 3290 443 3328 esse.
776 3290 816 3335 ¹3·
843 3274 985 3327 arbitrati:
1011 3272 1046 3328 cf.
1074 3272 1122 3330 the
1147 3292 1197 3330 use
1224 3274 1256 3330 of

197 3370 224 3419 4.
248 3355 357 3420 copiis:
379 3354 450 3427 (his)
464 3358 568 3425 troops.
729 3353 819 3419 veriti,
831 3370 857 3423 p.
871 3369 896 3420 2,
909 3354 926 3407 L
938 3359 1117 3422 17.—noctis
1129 3358 1257 3423 diesque:

198 3451 224 3500 5.
249 3437 336 3502 quod:
355 3435 412 3488 this
426 3437 542 3506 (noun).
730 3432 808 3504 night
819 3434 953 3503 onddoy.

196 3522 222 3569 ⁶.
249 3516 428 3583 supplicium·
457 3517 663 3584 supplicium,-
650 3519 681 3586 ·i‚
779 3531 818 3576 14.
845 3515 951 3569 decurio
969 3517 1064 3588 (onis,
1081 3518 1150 3587 u..)
1177 3535 1256 3572 mom·

154 3610 182 3651 u
186 3596 394 3679 ‚punishment
731 3592 779 3648 ber
789 3594 1053 3665 oftlrelegziloture.

198 3683 223 3730 7
248 3668 297 3720 tle:
311 3667 351 3720 lit.
357 3667 448 3738 from.
468 3669 682 3734 suppliciumsr'r-
778 3681 825 3725 16
843 3679 983 3742 coegerat·
1017 3677 1078 3732 had
1104 3641 1194 3733 calleo
1220 3686 1254 3734 to

155 3763 195 3798 m
181 3746 309 3801 reuthe
318 3763 447 3802 converse
456 3747 488 3803 of
497 3753 598 3814 poenus
604 3751 677 3802 (lure.
726 3753 832 3822 gether.
