2700 4186
320 249 583 310 F1RSTLATIN
610 241 774 308 READER
847 287 849 299 ·
1036 266 1095 332 133

102 435 266 518 lesperitd
277 435 394 509 salute,
407 433 450 496 ad
463 440 566 496 imum
583 439 700 497 omnes
717 441 753 496 se
768 432 834 515 ipsi
845 433 1094 496 interfecerunt.

119 546 178 624 qui
189 538 290 622 pauld
303 548 379 605 ante
393 545 412 601 ὃ
425 537 550 620 proelio
561 537 764 619 effligerant,
778 557 837 619 per
849 536 949 600 silvis
961 537 1096 600 incertis

102 642 164 706 bus
177 642 220 706 ad
236 643 275 706 T.
292 641 477 705 Labienum
492 643 639 722 legatum
656 640 690 704 in
707 640 846 704 hiberna
861 647 1094 724 pervenerunt,

107 766 186 810 eum
202 745 360 810 derebus
376 752 480 828 gestis
497 746 651 808 iecerunt
666 744 851 809 certiorem.

413 996 597 1062 LESSON
633 997 692 1059 108

214 1163 281 1228 The
306 1163 412 1228 Gauls
433 1163 546 1228 attack
567 1186 588 1226 a
613 1163 743 1226 Second
767 1160 867 1246 Camp

102 1317 269 1383 :victorie
290 1317 449 1394 sublitus,
469 1317 644 1381 Ambiorix
665 1317 776 1380 statim
796 1337 871 1380 cum
894 1316 1043 1400 equitdtri
1059 1319 1094 1381 in

102 1429 206 1508 ucos,
224 1430 281 1505 qui
307 1431 402 1485 erant
428 1423 500 1485 eius
526 1429 632 1503 regno
659 1421 803 1496 finitimi,
827 1421 1001 1502 profectus
1024 1432 1093 1498 est;

131 1535 263 1590 noctem
294 1545 404 1608 neque
433 1526 521 1589 diem
555 1525 741 1600 intermisit,
775 1523 1027 1608 peditatumque
1058 1532 1095 1589 se

102 1629 267 1714 subsequi.

106 1734 334 1799 demonstraiti
352 1734 606 1817 Adnitucisque
627 1733 811 1810 concitatis,
830 1742 965 1817 postero
986 1735 1040 1798 die
1059 1734 1094 1798 in

102 1846 134 1902 bs
150 1837 311 1920 pervenit,
329 1845 453 1922 eosque
463 1839 621 1902 ,hortatus
637 1847 698 1914 est,
715 1846 758 1901 ne
774 1847 826 1901 sui
843 1840 877 1901 in
894 1849 1093 1921 perpetuum

102 1941 152 2006 ndi
167 1942 375 2007 occasionem
393 1943 606 2008 dimitterent.
656 1943 858 2008 interfectos
874 1964 949 2008 esse
966 1945 1093 2028 legitds

102 2053 239 2110 dmands
250 2067 474 2130 magnamque
485 2058 614 2129 partem
625 2050 789 2111 exercitiis
799 2048 951 2112 interisse
961 2049 1092 2125 docuit;

102 2157 213 2233 neque
226 2151 371 2234 opprimi
382 2171 482 2233 posse
497 2172 571 2215 eam
584 2172 717 2233 quoque
729 2150 905 2232 legionem,
919 2173 1091 2234 quaecum

101 2261 222 2318 certine
252 2255 287 2318 in
318 2255 445 2319 linibus
475 2262 590 2319 edrum
622 2255 792 2319 hiemaret.
840 2253 917 2337 Qui
943 2257 1093 2321 oratione

113 2358 245 2422 Nerviis
270 2358 443 2441 persuasit.

102 2496 243 2560 deperite:
276 2497 394 2562 deepdrd,
424 2509 447 2560 1,
473 2494 518 2549 de·
566 2495 645 2549 Arno
654 2497 824 2552 rain-ed:
844 2497 913 2552 omit
931 2497 960 2551 in
979 2497 1094 2553 transla-

102 2573 205 2636 tss-ee
224 2575 294 2641 ipsi:
315 2575 348 2630 cf.
371 2577 430 2642 ipse
450 2616 455 2628 .
479 2615 485 2628 .
508 2614 514 2628 .
566 2574 636 2629 tion.

102 2652 138 2716 ,l.
154 2669 181 2707 2.
219 2655 282 2710 The
301 2673 365 2710 men
383 2655 517 2725 probably
627 2674 651 2721 ⁹·
676 2660 825 2713 eoncitdtie:
840 2661 1092 2731 concitd,1‚siirup.

102 2751 124 2787 »n
136 2752 190 2789 one
202 2735 342 2790 another's
355 2735 467 2790 swords.
611 2756 650 2792 10.
677 2744 735 2792 sui:
749 2756 815 2810 gen.
830 2739 867 2809 pl.

101 2817 119 2867 d
150 2818 182 2868 Τ.
210 2817 373 2870 Labienum:
400 2817 429 2871 in
452 2835 517 2872 con-
611 2839 651 2872 11.
677 2823 823 2872 metandi:
851 2821 1009 2891 gerundive,
1034 2823 1092 2875 tal(-

109 2895 174 2949 with
185 2898 214 2948 in
223 2899 342 2964 hiberna,
351 2897 407 2952 this
417 2898 517 2968 phrase
564 2899 613 2971 ing
625 2900 660 2954 its
673 2899 743 2954 form
757 2898 825 2953 from
839 2906 890 2953 eui.
922 2902 1033 2956 Render
1045 2903 1093 2957 the

102 2976 296 3048 ivenientlybe
308 2979 442 3034 rendered
454 2980 517 3050 bya
564 2999 628 3052 gen.
646 2980 757 3053 (freely)
773 2982 854 3033 “tn'‘

102 3074 119 3110 ε.
152 3059 206 3112 For
214 3058 261 3114 the
269 3060 389 3115 lomtion
398 3061 430 3116 os
435 3060 517 3115 Labi·
611 3080 650 3125 ¹3·
677 3061 875 3127 facillimeque:
896 3078 926 3116 as
939 3062 1093 3133 governing

102 3155 162 3208 imp,
172 3156 218 3193 see
230 3140 278 3195 the
292 3159 400 3211 mapon
412 3159 438 3211 p.
455 3157 514 3207 124.
564 3142 631 3197 verb
645 3141 688 3195 for
705 3139 760 3194 this
778 3140 878 3208 clause,
892 3145 963 3195 dixit
981 3160 1044 3214 may
1056 3143 1091 3197 be

102 3223 185 3272 estis:
213 3220 252 3275 lit.
274 3224 360 3288 donn·
385 3222 516 3277 translate
564 3221 698 3292 supplied.

102 3298 181 3372 using
200 3319 216 3355 a
234 3303 345 3357 relative
363 3303 464 3358 clause.
610 3322 650 3368 14.
677 3306 707 3372 Q.
739 3305 878 3358 Cicerone:
911 3303 1027 3358 another
1057 3304 1087 3358 oi

102 3383 223 3436 ublitue:
254 3382 324 3439 from
342 3384 514 3438 tolld-in:
564 3385 1090 3455 Caesar'slieutenants(seethemap).

113 3465 248 3535 krrv‘tory
256 3471 293 3536 os.
563 3469 712 3519 -edmmz
743 3467 787 3520 tle.
815 3466 1091 3519 Nerviorum—hie·

102 3546 256 3598 dnitncde:
297 3545 339 3600 ior
371 3545 427 3600 this
460 3544 515 3600 and
564 3550 666 3599 niret:
686 3545 877 3611 formood,cf.
890 3549 1090 3614 admoveantur,

102 3624 190 3694 eoples
201 3625 369 3692 mentioned,
379 3644 426 3680 see
435 3626 515 3696 again
564 3643 592 3696 p.
606 3626 649 3692 61,
662 3627 680 3679 1.
699 3642 739 3693 14.

102 3721 163 3772 uon
176 3722 203 3774 p.
222 3719 279 3771 124.
611 3722 650 3770 15.
677 3709 784 3760 Nerviis
826 3710 978 3776 pereuieitz
1028 3724 1090 3762 won

102 3787 251 3838 ntemieit:
275 3803 314 3840 sc.
334 3801 448 3852 cursum
468 3788 514 3840 tle.
563 3787 687 3842 overthe
698 3789 821 3851 Nermie
838 3787 879 3843 lit.
895 3788 987 3843 what?
