2700 4186
429 253 543 311 Finsr
568 255 692 314 annu
718 255 883 315 ananan
1096 331 1098 335 ‚
1149 275 1205 342 127

96 433 192 506 dunt,
209 451 319 514 neque
340 453 380 494 ex
400 433 546 496 hibernis
562 434 688 497 iniussu
707 437 860 500 Caesaris
875 437 1113 502 discedendum
1128 442 1208 502 iodi-

97 536 244 612 cabant;
268 556 343 598 cum
361 537 449 599 enim
471 548 580 600 castra
599 540 820 602 munitissima
836 553 958 617 essent,
976 545 1156 608 credebant
1172 553 1209 608 se

100 641 281 704 Germanis
305 640 403 702 facile
422 642 575 705 resistere
592 662 699 723 posse,
718 645 824 707 donec
842 645 1057 709 Caesareum
1076 650 1208 729 legioni-

99 745 168 807 bus
187 743 334 806 subsidio
349 752 486 808 veniret.
535 746 679 810 Sabinus
695 759 817 824 autern,
830 750 954 812 veritus
971 759 1014 813 ne
1031 753 1207 816 Gallicum

74 849 283 919 chrmanls
309 855 346 911 sc
372 848 625 931 coniungerent,
655 853 766 914 statim
794 854 1032 918 discedendum
1061 857 1208 928 censuit;

100 952 233 1016 sciebat
248 953 338 1014 enim
355 953 530 1017 Germanis
547 964 671 1036 magno
692 957 797 1019 dolori
819 959 924 1022 fuisse
940 961 1094 1023 victorias
1116 981 1210 1040 supe-

101 1060 210 1122 riores
232 1061 467 1136 Romanorum,
485 1083 594 1144 neque
616 1063 838 1126 arbitrabatur
858 1064 981 1138 Gallos,
999 1072 1056 1146 qui
1071 1074 1120 1126 tot
1136 1084 1212 1127 con-

101 1164 261 1228 tumelias
292 1172 312 1228 a
344 1167 504 1229 Romanis
544 1174 753 1249 acceperant,
786 1175 822 1230 εδ
852 1188 928 1230 curn
965 1168 1059 1230 hoste
1095 1175 1211 1250 quovis
1291 1171 1293 1176 ’

101 1269 311 1350 coniungere
328 1271 545 1334 dubitaturos.
1016 1286 1021 1294 ·

54 1397 92 1434 ιο
153 1359 314 1438 Oratione
331 1374 365 1436 in
381 1385 556 1457 utramque
580 1385 707 1456 partem
734 1374 856 1450 habita,
875 1395 949 1438 cum
967 1376 1067 1439 Cotta
1083 1386 1213 1439 senten-

102 1479 175 1542 tiae
191 1478 340 1558 collegae
356 1486 407 1541 sui
423 1480 542 1542 acriter
565 1479 744 1553 resisteret,
765 1479 909 1543 Sabinus
927 1486 1096 1559 postremo
1111 1486 1213 1541 iratus

104 1582 246 1657 “Fiat’'
278 1581 395 1664 inquit,
421 1587 486 1644 “ut
517 1582 611 1645 vobis
641 1584 788 1656 videtur3
819 1602 884 1664 ego
907 1582 1026 1646 nonis
1051 1602 1134 1658 sum,
1158 1589 1216 1664 qui

103 1687 225 1750 mortis
242 1687 391 1770 periculo
405 1706 612 1768 magnopere
628 1686 784 1750 terrear.''

524 1923 709 1988 LESSON
745 1941 806 2004 104

321 2093 388 2159 ne
410 2095 537 2159 Advice
559 2095 600 2177 of
615 2096 669 2158 the
691 2096 822 2178 Enemy
844 2096 874 2160 is
903 2097 934 2158 T
929 2097 1013 2160 alcen

154 2250 287 2335 Quibus
310 2250 420 2314 verbis
437 2257 601 2326 commoti,
618 2259 735 2313 omnes
755 2250 865 2313 statim
883 2259 901 2313 ἑ
917 2252 1055 2313 consilio
1071 2258 1218 2314 surrexe·

78 2365 198 2434 stunt,
215 2354 411 2436 legatosque
434 2355 647 2417 vehementer
666 2355 789 2416 hortati
805 2365 883 2417 sunt
899 2361 941 2415 ne
956 2361 1017 2416 sua
1033 2353 1217 2434 pertinacia

105 2479 180 2522 rem
198 2457 231 2520 in
249 2477 415 2520 summum
433 2458 617 2538 periculum
634 2457 857 2521 deducerent:
881 2477 991 2540 neque
1006 2456 1094 2520 enim
1113 2458 1216 2519 ullum

103 2646 264 2720 (military)
274 2645 405 2700 tribunes.
433 2644 473 2698 Of
477 2645 555 2699 these
564 2644 640 2698 there
688 2641 856 2693 sententiae:
887 2637 930 2692 for
958 2649 1067 2710 syntax,
1092 2637 1125 2692 cf.
1156 2641 1218 2692 Ger-

106 2744 182 2781 were
199 2727 241 2780 six
255 2725 298 2781 sor
311 2727 378 2781 each
398 2726 506 2796 legion3
526 2728 555 2778 in
572 2725 641 2777 rank
688 2725 785 2786 mann,
798 2720 814 2772 l.
828 2736 854 2788 3.

108 2809 177 2878 they
189 2806 273 2862 stood
286 2815 351 2860 next
361 2815 391 2860 to
404 2806 452 2860 the
464 2806 556 2876 legion
567 2821 640 2859 com-
733 2820 772 2853 ιι.
798 2803 928 2866 collegae:
938 2802 1047 2865 collega,
1058 2815 1109 2865 -ae,
1122 2813 1164 2864 M,
1177 2798 1216 2850 lit.

109 2889 469 2942 mandes-centurionem
486 2889 642 2939 centurrons
688 2882 839 2951 colleague3
876 2881 949 2947 here,
985 2879 1094 2933 brother
1129 2881 1217 2948 officer

109 2968 307 3042 (subordinate
315 2967 432 3031 officers,
441 2967 558 3038 ranking
571 2966 640 3020 from
693 2961 824 3033 (namely,
844 2961 990 3029 Sabinus).
1024 3020 1027 3027 ¹

107 3049 223 3120 captain
234 3049 344 3119 down).
736 3062 775 3095 12.
802 3042 862 3094 fiat:
873 3043 909 3094 let
917 3044 940 3094 it
947 3042 1063 3094 be.-ut
1078 3079 1085 3092 .
1102 3079 1107 3092 .
1127 3041 1218 3092 ylde-

173 3148 199 3196 3.
224 3132 392 3197 legionibus:
411 3133 512 3198 troops.
688 3128 745 3177 tur:
758 3142 791 3176 as
800 3124 850 3196 (it)
858 3140 943 3175 seems
952 3123 1084 3174 besl-is
1096 3160 1101 3174 .
1115 3161 1122 3174 .
1137 3160 1143 3174 .
1156 3125 1215 3187 qui:

24 3261 29 3268 .
174 3218 200 3264 ⁶.
226 3214 325 3266 dolori:
351 3211 408 3264 dat.
432 3209 462 3264 oi
480 3207 641 3262 service-
688 3203 722 3260 ef.
738 3207 920 3270 eos...qui,
932 3220 960 3271 p.
975 3216 1033 3270 ης,
1048 3202 1066 3254 l.
1082 3203 1106 3254 8.

106 3294 275 3360 superiores:
295 3308 376 3346 ason
389 3308 417 3360 p.
432 3303 474 3359 79,
487 3289 506 3342 l.
521 3302 547 3356 7.
734 3293 773 3338 16.
799 3300 869 3336 rem:
920 3288 1045 3335 matters.
1060 3297 1214 3347 -neque:

175 3381 201 3426 8.
226 3377 259 3426 i:
281 3378 314 3426 at
332 3371 377 3425 the
395 3372 486 3424 hands
503 3371 637 3438 (ιβ-οδε
687 3367 716 3421 in
744 3364 930 3421 combination
961 3364 1026 3416 with
1060 3365 1133 3414 enim
1161 3362 1216 3415 and

107 3450 584 3526 obj.ofooniungoro‚l.9.—hoste:
597 3466 637 3504 sc.
687 3448 766 3502 other
796 3444 977 3515 postpositive
1001 3443 1100 3509 words,
1131 3457 1217 3507 neque

108 3535 453 3598 Romanorum-quovis:
463 3529 533 3585 from
540 3534 639 3596 quivis.
686 3526 792 3595 usually
802 3525 923 3594 replaces
932 3529 993 3578 non.
1029 3525 1060 3576 ln
1072 3524 1119 3576 the
1130 3531 1217 3574 trans·

160 3631 202 3667 ro.
227 3615 533 3680 inutramquoptrtem:
547 3611 639 3680 freely,
687 3607 773 3660 lation
800 3605 833 3659 of
857 3605 912 3659 this
940 3603 1084 3673 particular
1117 3603 1216 3668 clause,

111 3707 174 3767 pro
186 3694 427 3747 audeam-cum
447 3731 454 3744 .
477 3731 483 3743 .
505 3729 513 3744 .
532 3693 641 3743 resisto·
687 3685 816 3742 combine
837 3686 884 3739 the
905 3683 1031 3756 negative
1047 3683 1112 3736 with
1132 3684 1218 3735 ullum

107 3779 169 3830 tet:
183 3773 313 3828 translate
320 3772 381 3845 bya
390 3772 484 3844 partic.
493 3771 641 3841 phrase-
690 3769 734 3840 (=
748 3765 879 3836 nullum).
