2700 4186
434 255 548 314 FIRST
574 256 697 313 LATIN
723 254 888 312 READER
1151 271 1211 336 139

115 430 289 496 lectionem
313 434 458 510 iecisset,
482 434 626 497 hostium
651 436 793 514 impetus
819 433 973 496 sustineri
995 442 1062 497 nan
1087 446 1208 516 posset,

115 533 234 599 litteras
267 537 403 602 Caesari
434 538 568 613 remisit,
594 537 721 620 'quibus
752 538 898 600 ostendit
928 549 1089 619 quantum
1121 550 1209 602 esset

115 641 292 718 periculum
316 641 493 724 docuitque
512 648 628 704 omnes
647 641 814 723 peditatus
836 643 1069 723 equitatusque
1094 643 1207 723 capias

115 742 329 808 Treverarum
346 745 408 808 tria
424 745 513 807 milia
529 765 689 827 passuum
705 744 748 807 ab
764 752 832 808 suis
848 753 965 807 castris
982 747 1182 808 causedisse.

93 856 106 907 5
151 847 285 925 Caesar,
297 849 434 912 cansilia
444 850 515 912 eius
526 850 675 932 probata,
687 858 751 913 etsi
760 851 916 930 opiniane
926 851 1024 911 trium
1039 849 1207 930 legianum

114 949 255 1016 deiectus
272 953 314 1016 ad
330 953 412 1016 duas
429 953 580 1029 redierat,
598 973 731 1023 omnem
750 962 862 1016 tamen
884 955 1069 1015 communis
1091 953 1208 1016 salutis

114 1072 199 1136 spem
216 1058 251 1119 in
268 1056 437 1120 celeritate
453 1056 609 1139 pariebat.
654 1056 757 1122 Venit
771 1058 872 1136 igitur
889 1066 1018 1137 magnis
1031 1057 1208 1119 itineribus

115 1156 142 1219 in
169 1159 368 1223 Nerviarum
394 1161 490 1223 fines.
548 1161 600 1223 lbi
629 1181 670 1224 ex
697 1167 835 1240 captivis
863 1147 1034 1240 cagnascit
1061 1180 1147 1240 quae
1174 1162 1207 1221 in

114 1259 279 1326 Ciceranis
295 1263 443 1327 hibernis
466 1273 634 1346 gerantur,
652 1271 842 1346 quantaque
859 1262 891 1324 in
909 1263 1056 1344 pericula
1071 1271 1124 1325 res
1140 1263 1191 1325 sit.

525 1485 709 1550 LESSON
745 1499 803 1563 113

264 1649 331 1715 The
353 1651 516 1734 Besieged
535 1653 626 1715 lcarn
649 1653 690 1733 os
708 1649 854 1715 Caesar's
877 1651 1046 1734 Approach

50 1814 85 1858 ¹0
147 1806 272 1888 ltaque
283 1806 415 1869 cuidam
427 1825 468 1868 ex
480 1806 646 1887 equitibus
660 1805 763 1868 Gallis
774 1805 897 1870 Caesar
910 1813 1040 1885 magnis
1052 1805 1206 1887 praemiis

92 1909 279 1984 persuasit,
308 1918 344 1971 ut
374 1909 416 1970 ad
448 1908 645 1972 Ciceranem
679 1907 857 1989 epistulam
888 1908 1043 1971 deferret.
1107 1909 1206 1971 Hanc

90 2008 243 2076 Graecis
267 2012 383 2075 litteris
407 2020 564 2092 scriptam
589 2012 747 2087 misitne
768 2011 1070 2092 Gallaintercepta
1092 2024 1207 2074 nostra

89 2114 243 2179 eansilia
258 2115 300 2178 ab
317 2114 467 2178 hostibus
484 2123 773 2195 cagnascerentur.
818 2115 958 2178 Homini
971 2115 1145 2196 imperavit
1158 2124 1205 2191 ut,

88 2227 128 2282 si
149 2219 294 2282 hiberna
318 2219 441 2281 intrare
467 2226 533 2281 nan
559 2228 682 2300 posset,
708 2220 873 2300 tragulam
898 2239 974 2281 cum
997 2219 1139 2299 epistula
1162 2219 1204 2280 ad

38 2319 72 2381 ¹⁵
87 2323 274 2386 amentum
298 2322 444 2404 deligata
466 2321 553 2384 intra
576 2323 777 2385 munitiones
798 2322 952 2386 abiceret.
1001 2324 1041 2384 lu
1061 2322 1205 2404 epistula

89 2427 238 2507 scripsit
268 2433 304 2488 sa
334 2446 410 2489 cum
448 2425 634 2507 legianibus
671 2427 859 2508 profectum
890 2427 1042 2490 celeriter
1071 2426 1202 2496 adfore3

90 2528 299 2595 Ciceranem
317 2530 468 2592 hortatus
484 2542 536 2591 est
547 2540 583 2592 ut
600 2531 773 2610 pristinam
789 2530 943 2593 virtatem
961 2530 1127 2592 retineret.

144 2678 170 2715 r.
197 2661 324 2714 facisset:
356 2660 392 2717 ci.
418 2664 630 2729 exspectassent,
682 2662 717 2716 he
729 2662 784 2716 had
797 2663 1009 2718 arrestedashe
1023 2663 1206 2716 marchei—

90 2752 128 2809 ρ.
146 2755 207 2808 104,
221 2742 239 2794 l.
257 2742 297 2794 18.
681 2759 764 2808 quae:
791 2754 864 2797 neut.
886 2743 1095 2813 interrogative3
1119 2753 1207 2796 traus-

144 2839 173 2875 π.
200 2823 312 2888 quibus:
339 2821 373 2876 cf.
395 2839 422 2892 p.
443 2821 486 2890 38,
505 2821 523 2875 l.
545 2820 631 2874 16.—
681 2821 858 2892 lateassing.
875 2821 981 2892 (quid).

91 2905 191 2956 esset:
212 2900 274 2971 why
285 2900 475 2972 subjunctive?
727 2918 767 2953 10.
794 2917 842 2953 ex:
862 2903 1053 2972 afi-Gallis:
1070 2898 1135 2952 with
1148 2900 1202 2969 adj.

145 2999 174 3047 4.
201 2983 388 3034 Traverarum:
428 2981 571 3052 belonging
603 2990 631 3034 lo
681 2980 762 3035 force.
798 2981 861 3034 The
876 2982 983 3050 cavalry
996 2980 1028 3033 of
1037 2982 1083 3039 the
1097 2983 1206 3034 Roman

92 3063 146 3117 the
163 3063 285 3115 Treveri.
294 3092 329 3100 -
337 3065 409 3114 suis:
428 3061 482 3114 har.
681 3079 756 3131 army
762 3078 817 3114 was
826 3060 960 3133 recruited
967 3061 1070 3130 largely
1076 3061 1144 3114 from
1154 3060 1207 3114 for·

145 3158 173 3208 5.
199 3143 339 3208 opiniane:
367 3142 466 3208 opinia,
491 3145 571 3206 -anis,
597 3157 629 3200 r.
681 3141 744 3211 eigo
758 3142 868 3196 nations
881 3140 928 3213 (ci.
939 3139 986 3193 the
999 3148 1065 3193 note
1077 3157 1115 3194 on
1127 3141 1206 3206 legia,

92 3223 289 3293 expectatam
305 3220 339 3275 cf.
354 3221 401 3274 the
409 3221 513 3274 similar
521 3222 629 3292 phrase,
681 3239 706 3291 p.
723 3236 780 3291 125,
793 3223 810 3275 l.
827 3225 884 3294 14).

94 3299 309 3372 p.125‚l.5ff.
725 3320 766 3353 11.
792 3301 1094 3369 epistulamtepistula,
1106 3313 1206 3367 -se‚r.,

145 3389 172 3435 6.
198 3382 330 3435 redierat:
357 3384 400 3436 ie.
426 3382 487 3436 had
504 3383 566 3436 been
588 3400 629 3435 re·
680 3381 766 3434 letter.

96 3462 195 3517 duced.
727 3480 766 3514 12.
792 3462 869 3518 Galla
889 3464 1052 3528 intercepti:
1075 3459 1206 3515 translate

148 3559 173 3608 7.
198 3543 290 3596 venit:
321 3541 394 3596 what
417 3541 520 3596 tense?
549 3543 630 3614 (note
680 3541 926 3611 byaconditional
940 3543 1039 3596 clause.

100 3622 151 3678 the
174 3623 374 3692 i).-megnis
399 3623 557 3674 itineribus:
586 3625 627 3675 ie.
727 3637 766 3685 ¹⁵·
793 3627 946 3673 amentum:
968 3625 1116 3687 amentum,
1130 3624 1206 3686 -i,u.,

109 3702 207 3771 forced
221 3701 352 3754 marchas.
680 3706 768 3770 strap.
778 3703 955 3766 —daligitaz
970 3701 1065 3765 daliga
1076 3716 1098 3759 1,
1099 3701 1206 3771 fasten.

150 3789 174 3835 t.
199 3784 334 3849 eaptivu:
364 3782 407 3835 ie.
429 3781 515 3836 Geuls
539 3781 629 3835 whom
728 3789 768 3833 xe.
794 3780 1205 3835 sdi01e2i.e.edtut1irumesse.
