<?xml version="1.0" encoding="UTF-8"?>
<!DOCTYPE html PUBLIC "-//W3C//DTD XHTML 1.0 Transitional//EN"
    "http://www.w3.org/TR/xhtml1/DTD/xhtml1-transitional.dtd">
<html xmlns="http://www.w3.org/1999/xhtml" xml:lang="en" lang="en">
 <head>
  <title>
</title>
<meta http-equiv="Content-Type" content="text/html;charset=utf-8" />
  <meta name='ocr-system' content='tesseract 3.04.00' />
  <meta name='ocr-capabilities' content='ocr_page ocr_carea ocr_par ocr_line ocrx_word'/>
</head>
<body>
  <div class='ocr_page' id='page_1' title='image "./afirstlatinread00nuttgoog_0086.png"; bbox 0 0 2700 4186; ppageno 0'>
   <div class='ocr_carea' id='block_1_1' title="bbox 417 211 1190 296">
    <p class='ocr_par' dir='ltr' id='par_1_1' title="bbox 417 211 1190 296">
     <span class='ocr_line' id='line_1_1' title="bbox 417 211 1190 296; baseline 0.006 -31"><span class='ocrx_word' id='word_1_1' title='bbox 417 211 532 268; x_wconf 89' lang='lat' dir='ltr'>FIRST</span> <span class='ocrx_word' id='word_1_2' title='bbox 556 212 678 270; x_wconf 86' lang='lat' dir='ltr'>LATIN</span> <span class='ocrx_word' id='word_1_3' title='bbox 705 213 869 271; x_wconf 82' lang='lat' dir='ltr'><strong>READER</strong></span> <span class='ocrx_word' id='word_1_4' title='bbox 1153 218 1190 296; x_wconf 83' lang='lat'><strong>65</strong></span> 
     </span>
    </p>
   </div>
   <div class='ocr_carea' id='block_1_2' title="bbox 13 389 1269 2232">
    <p class='ocr_par' dir='ltr' id='par_1_2' title="bbox 13 389 1269 2232">
     <span class='ocr_line' id='line_1_2' title="bbox 91 389 1193 476; baseline 0.007 -25"><span class='ocrx_word' id='word_1_5' title='bbox 91 389 299 453; x_wconf 88' lang='lat' dir='ltr'><strong>occidentem</strong></span> <span class='ocrx_word' id='word_1_6' title='bbox 312 392 510 471; x_wconf 62' lang='lat' dir='ltr'><strong>navigantes</strong></span> <span class='ocrx_word' id='word_1_7' title='bbox 525 391 693 454; x_wconf 88' lang='lat' dir='ltr'><strong>interdurn</strong></span> <span class='ocrx_word' id='word_1_8' title='bbox 709 391 885 470; x_wconf 77' lang='lat' dir='ltr'><strong>videbant;</strong></span> <span class='ocrx_word' id='word_1_9' title='bbox 910 404 990 470; x_wconf 88' lang='lat' dir='ltr'><strong>tum,</strong></span> <span class='ocrx_word' id='word_1_10' title='bbox 1009 402 1028 457; x_wconf 78' lang='grc' dir='ltr'>ἐ</span> <span class='ocrx_word' id='word_1_11' title='bbox 1043 397 1193 476; x_wconf 88' lang='lat' dir='ltr'><strong>portibus</strong></span> 
     </span>
     <span class='ocr_line' id='line_1_3' title="bbox 90 492 1192 580; baseline 0.007 -26"><span class='ocrx_word' id='word_1_12' title='bbox 90 492 260 555; x_wconf 82' lang='lat' dir='ltr'>liburnicis</span> <span class='ocrx_word' id='word_1_13' title='bbox 276 494 449 556; x_wconf 73' lang='lat' dir='ltr'><strong>celerrime</strong></span> <span class='ocrx_word' id='word_1_14' title='bbox 459 501 556 570; x_wconf 86' lang='lat' dir='ltr'><strong>vecti,</strong></span> <span class='ocrx_word' id='word_1_15' title='bbox 570 495 738 558; x_wconf 69' lang='lat' dir='ltr'><strong>onerarias</strong></span> <span class='ocrx_word' id='word_1_16' title='bbox 752 497 939 576; x_wconf 76' lang='lat' dir='ltr'><strong>capiebant,</strong></span> <span class='ocrx_word' id='word_1_17' title='bbox 954 505 983 561; x_wconf 92' lang='lat' dir='ltr'><strong>si</strong></span> <span class='ocrx_word' id='word_1_18' title='bbox 998 518 1084 580; x_wconf 88' lang='lat' dir='ltr'><strong>quae</strong></span> <span class='ocrx_word' id='word_1_19' title='bbox 1095 499 1192 575; x_wconf 85' lang='lat' dir='ltr'><strong>forte,</strong></span> 
     </span>
     <span class='ocr_line' id='line_1_4' title="bbox 87 596 1193 681; baseline 0.006 -23"><span class='ocrx_word' id='word_1_20' title='bbox 87 597 215 659; x_wconf 86' lang='lat' dir='ltr'><strong>tardius</strong></span> <span class='ocrx_word' id='word_1_21' title='bbox 245 604 454 678; x_wconf 78' lang='lat' dir='ltr'><strong>progressae,</strong></span> <span class='ocrx_word' id='word_1_22' title='bbox 482 596 657 661; x_wconf 73' lang='lat' dir='ltr'><strong>intervallo</strong></span> <span class='ocrx_word' id='word_1_23' title='bbox 687 599 811 662; x_wconf 78' lang='lat' dir='ltr'><strong>maiore</strong></span> <span class='ocrx_word' id='word_1_24' title='bbox 839 601 1064 681; x_wconf 73' lang='lat' dir='ltr'><strong>sequebantur</strong></span> <span class='ocrx_word' id='word_1_25' title='bbox 1091 609 1193 666; x_wconf 73' lang='lat' dir='ltr'><strong>naves</strong></span> 
     </span>
     <span class='ocr_line' id='line_1_5' title="bbox 87 700 1192 783; baseline 0.006 -21"><span class='ocrx_word' id='word_1_26' title='bbox 87 700 217 782; x_wconf 69' lang='lat' dir='ltr'><strong>longas,</strong></span> <span class='ocrx_word' id='word_1_27' title='bbox 229 721 316 782; x_wconf 87' lang='lat' dir='ltr'><strong>quae</strong></span> <span class='ocrx_word' id='word_1_28' title='bbox 326 707 374 763; x_wconf 86' lang='lat' dir='ltr'><strong>eis</strong></span> <span class='ocrx_word' id='word_1_29' title='bbox 383 700 550 783; x_wconf 80' lang='lat' dir='ltr'><strong>praesidio</strong></span> <span class='ocrx_word' id='word_1_30' title='bbox 559 701 681 764; x_wconf 87' lang='lat' dir='ltr'><strong>missae</strong></span> <span class='ocrx_word' id='word_1_31' title='bbox 692 712 796 766; x_wconf 88' lang='lat' dir='ltr'><strong>erant.</strong></span> <span class='ocrx_word' id='word_1_32' title='bbox 845 703 886 765; x_wconf 94' lang='lat' dir='ltr'><strong>Id</strong></span> <span class='ocrx_word' id='word_1_33' title='bbox 898 705 1050 766; x_wconf 86' lang='lat' dir='ltr'>Britanni</span> <span class='ocrx_word' id='word_1_34' title='bbox 1060 705 1116 767; x_wconf 83' lang='lat' dir='ltr'><strong>din</strong></span> <span class='ocrx_word' id='word_1_35' title='bbox 1127 725 1192 769; x_wconf 82' lang='lat' dir='ltr'><strong>mo</strong></span> 
     </span>
     <span class='ocr_line' id='line_1_6' title="bbox 35 802 1269 886; baseline 0.006 -20"><span class='ocrx_word' id='word_1_36' title='bbox 35 815 61 866; x_wconf 88' lang='grc'>5</span> <span class='ocrx_word' id='word_1_37' title='bbox 85 802 345 881; x_wconf 72' lang='lat' dir='ltr'><strong>lestetulerant3</strong></span> <span class='ocrx_word' id='word_1_38' title='bbox 363 824 506 886; x_wconf 91' lang='lat' dir='ltr'><strong>cumque</strong></span> <span class='ocrx_word' id='word_1_39' title='bbox 518 807 626 868; x_wconf 83' lang='lat' dir='ltr'><strong>insula</strong></span> <span class='ocrx_word' id='word_1_40' title='bbox 642 805 762 886; x_wconf 85' lang='lat' dir='ltr'><strong>Longa</strong></span> <span class='ocrx_word' id='word_1_41' title='bbox 774 805 840 868; x_wconf 88' lang='lat' dir='ltr'><strong>iarn</strong></span> <span class='ocrx_word' id='word_1_42' title='bbox 856 815 927 870; x_wconf 77' lang='lat' dir='ltr'><strong>tota</strong></span> <span class='ocrx_word' id='word_1_43' title='bbox 939 807 1077 871; x_wconf 71' lang='lat' dir='ltr'><strong>subacta</strong></span> <span class='ocrx_word' id='word_1_44' title='bbox 1092 819 1208 886; x_wconf 65' lang='lat' dir='ltr'><strong>esset„</strong></span> <span class='ocrx_word' id='word_1_45' title='bbox 1265 814 1269 823; x_wconf 85' lang='grc'><strong>“</strong></span> 
     </span>
     <span class='ocr_line' id='line_1_7' title="bbox 83 909 1192 993; baseline 0.006 -24"><span class='ocrx_word' id='word_1_46' title='bbox 83 915 131 970; x_wconf 75' lang='lat' dir='ltr'><strong>ne</strong></span> <span class='ocrx_word' id='word_1_47' title='bbox 155 915 272 990; x_wconf 72' lang='lat' dir='ltr'><strong>postea</strong></span> <span class='ocrx_word' id='word_1_48' title='bbox 295 929 454 991; x_wconf 86' lang='lat' dir='ltr'><strong>umquam</strong></span> <span class='ocrx_word' id='word_1_49' title='bbox 477 909 587 972; x_wconf 79' lang='lat' dir='ltr'><strong>coloni</strong></span> <span class='ocrx_word' id='word_1_50' title='bbox 607 910 643 972; x_wconf 94' lang='lat' dir='ltr'><strong>in</strong></span> <span class='ocrx_word' id='word_1_51' title='bbox 667 916 769 972; x_wconf 76' lang='lat' dir='ltr'><strong>naves</strong></span> <span class='ocrx_word' id='word_1_52' title='bbox 791 917 870 973; x_wconf 74' lang='lat' dir='ltr'><strong>suas</strong></span> <span class='ocrx_word' id='word_1_53' title='bbox 894 911 1055 993; x_wconf 91' lang='lat' dir='ltr'><strong>impetum</strong></span> <span class='ocrx_word' id='word_1_54' title='bbox 1078 913 1192 977; x_wconf 82' lang='lat' dir='ltr'><strong>iacere</strong></span> 
     </span>
     <span class='ocr_line' id='line_1_8' title="bbox 82 1007 1029 1087; baseline 0.004 -15"><span class='ocrx_word' id='word_1_55' title='bbox 82 1011 260 1087; x_wconf 76' lang='lat' dir='ltr'><strong>auderent,</strong></span> <span class='ocrx_word' id='word_1_56' title='bbox 278 1011 413 1074; x_wconf 90' lang='lat' dir='ltr'><strong>Novum</strong></span> <span class='ocrx_word' id='word_1_57' title='bbox 431 1007 632 1074; x_wconf 84' lang='lat' dir='ltr'><strong>Londinium</strong></span> <span class='ocrx_word' id='word_1_58' title='bbox 647 1013 759 1076; x_wconf 77' lang='lat' dir='ltr'><strong>delere</strong></span> <span class='ocrx_word' id='word_1_59' title='bbox 775 1014 1029 1076; x_wconf 74' lang='lat' dir='ltr'><strong>constituerunt.</strong></span> 
     </span>
     <span class='ocr_line' id='line_1_9' title="bbox 133 1114 1190 1196; baseline 0.004 -20"><span class='ocrx_word' id='word_1_60' title='bbox 133 1114 253 1196; x_wconf 88' lang='lat' dir='ltr'><strong>Itaque</strong></span> <span class='ocrx_word' id='word_1_61' title='bbox 269 1116 311 1177; x_wconf 89' lang='lat' dir='ltr'><strong>ab</strong></span> <span class='ocrx_word' id='word_1_62' title='bbox 322 1116 431 1190; x_wconf 72' lang='lat' dir='ltr'><strong>insula</strong></span> <span class='ocrx_word' id='word_1_63' title='bbox 443 1123 544 1179; x_wconf 80' lang='lat' dir='ltr'><strong>noctti</strong></span> <span class='ocrx_word' id='word_1_64' title='bbox 562 1115 715 1195; x_wconf 81' lang='lat' dir='ltr'><strong>profecti,</strong></span> <span class='ocrx_word' id='word_1_65' title='bbox 729 1115 852 1178; x_wconf 87' lang='lat' dir='ltr'><strong>fretum</strong></span> <span class='ocrx_word' id='word_1_66' title='bbox 869 1116 955 1177; x_wconf 86' lang='lat' dir='ltr'><strong>clam</strong></span> <span class='ocrx_word' id='word_1_67' title='bbox 971 1117 1190 1194; x_wconf 73' lang='lat' dir='ltr'><strong>transierunt3</strong></span> 
     </span>
     <span class='ocr_line' id='line_1_10' title="bbox 84 1218 1190 1300; baseline 0.003 -20"><span class='ocrx_word' id='word_1_68' title='bbox 84 1218 148 1281; x_wconf 91' lang='lat' dir='ltr'><strong>sed</strong></span> <span class='ocrx_word' id='word_1_69' title='bbox 163 1228 273 1281; x_wconf 89' lang='lat' dir='ltr'><strong>ventis</strong></span> <span class='ocrx_word' id='word_1_70' title='bbox 287 1220 435 1282; x_wconf 84' lang='lat' dir='ltr'><strong>adversis</strong></span> <span class='ocrx_word' id='word_1_71' title='bbox 450 1219 602 1299; x_wconf 76' lang='lat' dir='ltr'><strong>impediri</strong></span> <span class='ocrx_word' id='word_1_72' title='bbox 618 1229 750 1299; x_wconf 89' lang='lat' dir='ltr'><strong>portum</strong></span> <span class='ocrx_word' id='word_1_73' title='bbox 772 1222 839 1280; x_wconf 79' lang='lat' dir='ltr'><strong>non</strong></span> <span class='ocrx_word' id='word_1_74' title='bbox 863 1226 1042 1300; x_wconf 74' lang='lat' dir='ltr'><strong>potuerunt</strong></span> <span class='ocrx_word' id='word_1_75' title='bbox 1058 1220 1190 1297; x_wconf 74' lang='lat' dir='ltr'><strong>intrare,</strong></span> 
     </span>
     <span class='ocr_line' id='line_1_11' title="bbox 13 1321 1191 1404; baseline 0.002 -21"><span class='ocrx_word' id='word_1_76' title='bbox 13 1334 63 1370; x_wconf 74' lang='lat'><strong>10</strong></span> <span class='ocrx_word' id='word_1_77' title='bbox 83 1321 195 1384; x_wconf 81' lang='lat' dir='ltr'><strong>donec</strong></span> <span class='ocrx_word' id='word_1_78' title='bbox 211 1322 282 1385; x_wconf 74' lang='lat' dir='ltr'><strong>dies</strong></span> <span class='ocrx_word' id='word_1_79' title='bbox 299 1333 433 1403; x_wconf 88' lang='lat' dir='ltr'><strong>postera</strong></span> <span class='ocrx_word' id='word_1_80' title='bbox 445 1322 560 1386; x_wconf 79' lang='lat' dir='ltr'><strong>illtixit.</strong></span> <span class='ocrx_word' id='word_1_81' title='bbox 608 1322 693 1385; x_wconf 91' lang='lat' dir='ltr'><strong>Tum</strong></span> <span class='ocrx_word' id='word_1_82' title='bbox 707 1322 858 1384; x_wconf 83' lang='lat' dir='ltr'><strong>celeriter</strong></span> <span class='ocrx_word' id='word_1_83' title='bbox 870 1329 889 1384; x_wconf 75' lang='grc' dir='ltr'>ἐ</span> <span class='ocrx_word' id='word_1_84' title='bbox 901 1322 1046 1385; x_wconf 86' lang='lat' dir='ltr'><strong>castellis</strong></span> <span class='ocrx_word' id='word_1_85' title='bbox 1058 1332 1191 1404; x_wconf 86' lang='lat' dir='ltr'><strong>signum</strong></span> 
     </span>
     <span class='ocr_line' id='line_1_12' title="bbox 83 1425 1191 1506; baseline 0.001 -19"><span class='ocrx_word' id='word_1_86' title='bbox 83 1426 214 1488; x_wconf 75' lang='lat' dir='ltr'><strong>colonis</strong></span> <span class='ocrx_word' id='word_1_87' title='bbox 230 1426 345 1488; x_wconf 89' lang='lat' dir='ltr'><strong>datum</strong></span> <span class='ocrx_word' id='word_1_88' title='bbox 362 1436 413 1488; x_wconf 92' lang='lat' dir='ltr'><strong>est</strong></span> <span class='ocrx_word' id='word_1_89' title='bbox 430 1426 543 1488; x_wconf 75' lang='lat' dir='ltr'><strong>hostes</strong></span> <span class='ocrx_word' id='word_1_90' title='bbox 565 1426 692 1500; x_wconf 89' lang='lat' dir='ltr'><strong>adesse,</strong></span> <span class='ocrx_word' id='word_1_91' title='bbox 710 1436 743 1488; x_wconf 88' lang='lat' dir='ltr'><strong>et</strong></span> <span class='ocrx_word' id='word_1_92' title='bbox 762 1425 928 1506; x_wconf 83' lang='lat' dir='ltr'><strong>agricolae</strong></span> <span class='ocrx_word' id='word_1_93' title='bbox 949 1433 1068 1488; x_wconf 69' lang='lat' dir='ltr'><strong>armati</strong></span> <span class='ocrx_word' id='word_1_94' title='bbox 1087 1427 1191 1489; x_wconf 90' lang='lat' dir='ltr'><strong>omni-</strong></span> 
     </span>
     <span class='ocr_line' id='line_1_13' title="bbox 83 1528 1192 1611; baseline 0.003 -21"><span class='ocrx_word' id='word_1_95' title='bbox 83 1528 149 1590; x_wconf 82' lang='lat' dir='ltr'><strong>bus</strong></span> <span class='ocrx_word' id='word_1_96' title='bbox 166 1550 207 1592; x_wconf 87' lang='lat' dir='ltr'><strong>ex</strong></span> <span class='ocrx_word' id='word_1_97' title='bbox 227 1531 378 1610; x_wconf 87' lang='lat' dir='ltr'><strong>partibus</strong></span> <span class='ocrx_word' id='word_1_98' title='bbox 400 1530 435 1592; x_wconf 92' lang='lat' dir='ltr'><strong>in</strong></span> <span class='ocrx_word' id='word_1_99' title='bbox 458 1530 620 1611; x_wconf 89' lang='lat' dir='ltr'><strong>oppidum</strong></span> <span class='ocrx_word' id='word_1_100' title='bbox 644 1536 880 1592; x_wconf 76' lang='lat' dir='ltr'><strong>convenerunt.</strong></span> <span class='ocrx_word' id='word_1_101' title='bbox 928 1529 1005 1611; x_wconf 82' lang='lat' dir='ltr'><strong>Qui,</strong></span> <span class='ocrx_word' id='word_1_102' title='bbox 1023 1549 1099 1593; x_wconf 91' lang='lat' dir='ltr'><strong>curn</strong></span> <span class='ocrx_word' id='word_1_103' title='bbox 1124 1531 1192 1593; x_wconf 91' lang='lat' dir='ltr'><strong>Bri·</strong></span> 
     </span>
     <span class='ocr_line' id='line_1_14' title="bbox 84 1633 1191 1714; baseline 0.002 -20"><span class='ocrx_word' id='word_1_104' title='bbox 84 1643 182 1695; x_wconf 86' lang='lat' dir='ltr'><strong>tanni</strong></span> <span class='ocrx_word' id='word_1_105' title='bbox 197 1641 215 1696; x_wconf 78' lang='grc' dir='ltr'><strong>ἓ</strong></span> <span class='ocrx_word' id='word_1_106' title='bbox 233 1633 373 1696; x_wconf 75' lang='lat' dir='ltr'><strong>navibus</strong></span> <span class='ocrx_word' id='word_1_107' title='bbox 390 1640 516 1714; x_wconf 74' lang='lat' dir='ltr'><strong>egressi</strong></span> <span class='ocrx_word' id='word_1_108' title='bbox 531 1643 654 1708; x_wconf 86' lang='lat' dir='ltr'><strong>essent,</strong></span> <span class='ocrx_word' id='word_1_109' title='bbox 673 1634 714 1695; x_wconf 86' lang='lat' dir='ltr'><strong>ad</strong></span> <span class='ocrx_word' id='word_1_110' title='bbox 732 1634 808 1694; x_wconf 88' lang='lat' dir='ltr'><strong>litus</strong></span> <span class='ocrx_word' id='word_1_111' title='bbox 818 1653 936 1695; x_wconf 90' lang='lat' dir='ltr'><strong>versus</strong></span> <span class='ocrx_word' id='word_1_112' title='bbox 951 1633 1104 1696; x_wconf 71' lang='lat' dir='ltr'><strong>fecerunt</strong></span> <span class='ocrx_word' id='word_1_113' title='bbox 1120 1633 1191 1708; x_wconf 89' lang='lat' dir='ltr'><strong>iter,</strong></span> 
     </span>
     <span class='ocr_line' id='line_1_15' title="bbox 86 1724 1190 1819; baseline 0.001 -21"><span class='ocrx_word' id='word_1_114' title='bbox 86 1745 259 1819; x_wconf 75' lang='lat' dir='ltr'><strong>mirisque</strong></span> <span class='ocrx_word' id='word_1_115' title='bbox 286 1724 490 1818; x_wconf 74' lang='lat' dir='ltr'><strong>interpositis</strong></span> <span class='ocrx_word' id='word_1_116' title='bbox 516 1737 583 1799; x_wconf 78' lang='lat' dir='ltr'><strong>tela</strong></span> <span class='ocrx_word' id='word_1_117' title='bbox 610 1737 753 1817; x_wconf 77' lang='lat' dir='ltr'><strong>pltirirna</strong></span> <span class='ocrx_word' id='word_1_118' title='bbox 780 1736 814 1798; x_wconf 91' lang='lat' dir='ltr'><strong>in</strong></span> <span class='ocrx_word' id='word_1_119' title='bbox 842 1736 956 1798; x_wconf 73' lang='lat' dir='ltr'><strong>hostes</strong></span> <span class='ocrx_word' id='word_1_120' title='bbox 983 1739 1190 1799; x_wconf 74' lang='lat' dir='ltr'><strong>inmiserunt.</strong></span> 
     </span>
     <span class='ocr_line' id='line_1_16' title="bbox 13 1839 1193 1923; baseline 0.001 -22"><span class='ocrx_word' id='word_1_121' title='bbox 13 1841 58 1894; x_wconf 86' lang='lat'><strong>¹5</strong></span> <span class='ocrx_word' id='word_1_122' title='bbox 87 1839 138 1902; x_wconf 83' lang='lat' dir='ltr'><strong>At</strong></span> <span class='ocrx_word' id='word_1_123' title='bbox 153 1843 314 1915; x_wconf 82' lang='lat' dir='ltr'><strong>Britanni,</strong></span> <span class='ocrx_word' id='word_1_124' title='bbox 329 1850 386 1923; x_wconf 82' lang='lat' dir='ltr'><strong>qni</strong></span> <span class='ocrx_word' id='word_1_125' title='bbox 401 1847 539 1903; x_wconf 78' lang='lat' dir='ltr'><strong>numero</strong></span> <span class='ocrx_word' id='word_1_126' title='bbox 560 1849 657 1902; x_wconf 87' lang='lat' dir='ltr'><strong>erant</strong></span> <span class='ocrx_word' id='word_1_127' title='bbox 673 1841 778 1901; x_wconf 78' lang='lat' dir='ltr'><strong>multo</strong></span> <span class='ocrx_word' id='word_1_128' title='bbox 797 1839 994 1920; x_wconf 75' lang='lat' dir='ltr'><strong>superiores,</strong></span> <span class='ocrx_word' id='word_1_129' title='bbox 1012 1861 1088 1902; x_wconf 89' lang='lat' dir='ltr'><strong>mox</strong></span> <span class='ocrx_word' id='word_1_130' title='bbox 1107 1841 1193 1902; x_wconf 79' lang='lat' dir='ltr'><strong>inrit-</strong></span> 
     </span>
     <span class='ocr_line' id='line_1_17' title="bbox 88 1942 1192 2025; baseline 0.001 -19"><span class='ocrx_word' id='word_1_131' title='bbox 88 1952 208 2024; x_wconf 77' lang='lat' dir='ltr'><strong>petunt</strong></span> <span class='ocrx_word' id='word_1_132' title='bbox 225 1946 260 2007; x_wconf 94' lang='lat' dir='ltr'><strong>in</strong></span> <span class='ocrx_word' id='word_1_133' title='bbox 276 1944 437 2025; x_wconf 89' lang='lat' dir='ltr'><strong>oppidum</strong></span> <span class='ocrx_word' id='word_1_134' title='bbox 450 1954 549 2025; x_wconf 87' lang='lat' dir='ltr'><strong>atque</strong></span> <span class='ocrx_word' id='word_1_135' title='bbox 565 1944 661 2024; x_wconf 79' lang='lat' dir='ltr'><strong>ignes</strong></span> <span class='ocrx_word' id='word_1_136' title='bbox 678 1943 825 2025; x_wconf 85' lang='lat' dir='ltr'><strong>undique</strong></span> <span class='ocrx_word' id='word_1_137' title='bbox 842 1942 978 2004; x_wconf 91' lang='lat' dir='ltr'><strong>aedibus</strong></span> <span class='ocrx_word' id='word_1_138' title='bbox 992 1944 1192 2025; x_wconf 88' lang='lat' dir='ltr'><strong>templisque</strong></span> 
     </span>
     <span class='ocr_line' id='line_1_18' title="bbox 87 2046 1192 2130; baseline 0.001 -22"><span class='ocrx_word' id='word_1_139' title='bbox 87 2048 318 2111; x_wconf 73' lang='lat' dir='ltr'><strong>admoverunt.</strong></span> <span class='ocrx_word' id='word_1_140' title='bbox 363 2047 453 2130; x_wconf 75' lang='lat' dir='ltr'><strong>Quo</strong></span> <span class='ocrx_word' id='word_1_141' title='bbox 475 2054 558 2122; x_wconf 76' lang='lat' dir='ltr'><strong>viso,</strong></span> <span class='ocrx_word' id='word_1_142' title='bbox 583 2048 701 2119; x_wconf 81' lang='lat' dir='ltr'><strong>coloni,</strong></span> <span class='ocrx_word' id='word_1_143' title='bbox 726 2056 763 2108; x_wconf 91' lang='lat' dir='ltr'><strong>ut</strong></span> <span class='ocrx_word' id='word_1_144' title='bbox 790 2053 908 2107; x_wconf 76' lang='lat' dir='ltr'><strong>uxores</strong></span> <span class='ocrx_word' id='word_1_145' title='bbox 940 2046 1127 2128; x_wconf 71' lang='lat' dir='ltr'><strong>libertisque</strong></span> <span class='ocrx_word' id='word_1_146' title='bbox 1157 2048 1192 2110; x_wconf 93' lang='lat' dir='ltr'><strong>in</strong></span> 
     </span>
     <span class='ocr_line' id='line_1_19' title="bbox 86 2149 1120 2232; baseline 0.001 -20"><span class='ocrx_word' id='word_1_147' title='bbox 86 2149 249 2214; x_wconf 72' lang='lat' dir='ltr'><strong>locatitia</strong></span> <span class='ocrx_word' id='word_1_148' title='bbox 266 2151 480 2224; x_wconf 71' lang='lat' dir='ltr'><strong>dedecerent,</strong></span> <span class='ocrx_word' id='word_1_149' title='bbox 497 2170 537 2212; x_wconf 85' lang='lat' dir='ltr'><strong>ex</strong></span> <span class='ocrx_word' id='word_1_150' title='bbox 553 2150 679 2232; x_wconf 80' lang='lat' dir='ltr'><strong>oppido</strong></span> <span class='ocrx_word' id='word_1_151' title='bbox 694 2149 728 2211; x_wconf 92' lang='lat' dir='ltr'><strong>in</strong></span> <span class='ocrx_word' id='word_1_152' title='bbox 745 2156 844 2229; x_wconf 82' lang='lat' dir='ltr'><strong>agros</strong></span> <span class='ocrx_word' id='word_1_153' title='bbox 861 2155 897 2210; x_wconf 76' lang='lat' dir='ltr'><strong>se</strong></span> <span class='ocrx_word' id='word_1_154' title='bbox 913 2156 1120 2230; x_wconf 73' lang='lat' dir='ltr'><strong>receperunt.</strong></span> 
     </span>
    </p>
   </div>
   <div class='ocr_carea' id='block_1_3' title="bbox 281 2357 1011 2610">
    <p class='ocr_par' dir='ltr' id='par_1_3' title="bbox 281 2357 1011 2610">
     <span class='ocr_line' id='line_1_20' title="bbox 513 2357 772 2449; baseline -0.004 -28"><span class='ocrx_word' id='word_1_155' title='bbox 513 2358 696 2449; x_wconf 79' lang='lat' dir='ltr'>LESSON</span> <span class='ocrx_word' id='word_1_156' title='bbox 731 2357 772 2439; x_wconf 85' lang='lat'><strong>56</strong></span> 
     </span>
     <span class='ocr_line' id='line_1_21' title="bbox 281 2523 1011 2610; baseline -0.003 -20"><span class='ocrx_word' id='word_1_157' title='bbox 281 2527 312 2590; x_wconf 86' lang='grc' dir='ltr'><em>Τ</em></span> <span class='ocrx_word' id='word_1_158' title='bbox 307 2527 348 2590; x_wconf 79' lang='lat' dir='ltr'><strong>lte</strong></span> <span class='ocrx_word' id='word_1_159' title='bbox 369 2526 448 2590; x_wconf 89' lang='lat' dir='ltr'><strong>Fall</strong></span> <span class='ocrx_word' id='word_1_160' title='bbox 466 2527 507 2609; x_wconf 66' lang='lat' dir='ltr'><strong>eff</strong></span> <span class='ocrx_word' id='word_1_161' title='bbox 522 2526 607 2589; x_wconf 85' lang='lat' dir='ltr'><strong>New</strong></span> <span class='ocrx_word' id='word_1_162' title='bbox 629 2525 767 2589; x_wconf 84' lang='lat' dir='ltr'><strong>London</strong></span> <span class='ocrx_word' id='word_1_163' title='bbox 788 2523 1011 2610; x_wconf 81' lang='lat' dir='ltr'><strong>(Continued)</strong></span> 
     </span>
    </p>
   </div>
   <div class='ocr_carea' id='block_1_4' title="bbox 14 2679 1195 2866">
    <p class='ocr_par' dir='ltr' id='par_1_4' title="bbox 14 2679 1195 2866">
     <span class='ocr_line' id='line_1_22' title="bbox 134 2679 1195 2766; baseline -0.004 -19"><span class='ocrx_word' id='word_1_164' title='bbox 134 2682 242 2766; x_wconf 88' lang='lat' dir='ltr'><strong>Prope</strong></span> <span class='ocrx_word' id='word_1_165' title='bbox 266 2681 426 2763; x_wconf 90' lang='lat' dir='ltr'><strong>oppidum</strong></span> <span class='ocrx_word' id='word_1_166' title='bbox 449 2689 545 2743; x_wconf 90' lang='lat' dir='ltr'><strong>erant</strong></span> <span class='ocrx_word' id='word_1_167' title='bbox 568 2691 676 2742; x_wconf 86' lang='lat' dir='ltr'><strong>castra</strong></span> <span class='ocrx_word' id='word_1_168' title='bbox 700 2679 875 2761; x_wconf 84' lang='lat' dir='ltr'><strong>quaedam,</strong></span> <span class='ocrx_word' id='word_1_169' title='bbox 893 2700 979 2761; x_wconf 86' lang='lat' dir='ltr'><strong>quae</strong></span> <span class='ocrx_word' id='word_1_170' title='bbox 1002 2680 1195 2744; x_wconf 76' lang='lat' dir='ltr'><strong>Americani</strong></span> 
     </span>
     <span class='ocr_line' id='line_1_23' title="bbox 14 2779 1194 2866; baseline -0.002 -18"><span class='ocrx_word' id='word_1_171' title='bbox 14 2779 66 2821; x_wconf 76' lang='lat'><strong>²0</strong></span> <span class='ocrx_word' id='word_1_172' title='bbox 91 2787 257 2866; x_wconf 78' lang='lat' dir='ltr'><strong>praesidio</strong></span> <span class='ocrx_word' id='word_1_173' title='bbox 272 2786 362 2847; x_wconf 84' lang='lat' dir='ltr'><strong>haud</strong></span> <span class='ocrx_word' id='word_1_174' title='bbox 384 2791 508 2864; x_wconf 78' lang='lat' dir='ltr'><strong>magno</strong></span> <span class='ocrx_word' id='word_1_175' title='bbox 525 2783 695 2846; x_wconf 73' lang='lat' dir='ltr'><strong>tenebant.</strong></span> <span class='ocrx_word' id='word_1_176' title='bbox 743 2783 918 2866; x_wconf 80' lang='lat' dir='ltr'><strong>Quocum</strong></span> <span class='ocrx_word' id='word_1_177' title='bbox 944 2784 1057 2846; x_wconf 76' lang='lat' dir='ltr'><strong>hostes</strong></span> <span class='ocrx_word' id='word_1_178' title='bbox 1082 2793 1194 2866; x_wconf 75' lang='lat' dir='ltr'><strong>perve-</strong></span> 
     </span>
    </p>
   </div>
   <div class='ocr_carea' id='block_1_5' title="bbox 87 2915 1197 3785">
    <p class='ocr_par' dir='ltr' id='par_1_5' title="bbox 87 2915 1197 3147">
     <span class='ocr_line' id='line_1_24' title="bbox 135 2915 1194 2988; baseline -0.002 -17"><span class='ocrx_word' id='word_1_179' title='bbox 135 2938 158 2974; x_wconf 87' lang='lat'><strong>1.</strong></span> <span class='ocrx_word' id='word_1_180' title='bbox 184 2921 362 2984; x_wconf 68' lang='lat' dir='ltr'><strong>nivigantes:</strong></span> <span class='ocrx_word' id='word_1_181' title='bbox 386 2916 539 2987; x_wconf 83' lang='lat' dir='ltr'><strong>modifying</strong></span> <span class='ocrx_word' id='word_1_182' title='bbox 550 2920 619 2970; x_wconf 82' lang='lat' dir='ltr'><strong>clas·</strong></span> <span class='ocrx_word' id='word_1_183' title='bbox 670 2918 725 2988; x_wconf 84' lang='lat' dir='ltr'><strong>for</strong></span> <span class='ocrx_word' id='word_1_184' title='bbox 741 2916 822 2981; x_wconf 78' lang='lat' dir='ltr'><strong>them,</strong></span> <span class='ocrx_word' id='word_1_185' title='bbox 840 2915 880 2969; x_wconf 93' lang='lat' dir='ltr'><strong>lit.</strong></span> <span class='ocrx_word' id='word_1_186' title='bbox 893 2917 948 2988; x_wconf 84' lang='lat' dir='ltr'><strong>for</strong></span> <span class='ocrx_word' id='word_1_187' title='bbox 965 2935 983 2969; x_wconf 84' lang='lat' dir='ltr'><strong>a</strong></span> <span class='ocrx_word' id='word_1_188' title='bbox 998 2920 1148 2985; x_wconf 64' lang='lat' dir='ltr'><strong>protectam</strong></span> <span class='ocrx_word' id='word_1_189' title='bbox 1166 2923 1194 2969; x_wconf 87' lang='lat' dir='ltr'><strong>to</strong></span> 
     </span>
     <span class='ocr_line' id='line_1_25' title="bbox 88 2996 1197 3069; baseline -0.001 -19"><span class='ocrx_word' id='word_1_190' title='bbox 88 3003 138 3066; x_wconf 75' lang='lat' dir='ltr'><strong>sis,</strong></span> <span class='ocrx_word' id='word_1_191' title='bbox 154 3018 180 3069; x_wconf 93' lang='lat' dir='ltr'><strong>p.</strong></span> <span class='ocrx_word' id='word_1_192' title='bbox 200 3000 243 3065; x_wconf 84' lang='lat'><strong>64,</strong></span> <span class='ocrx_word' id='word_1_193' title='bbox 262 2999 280 3050; x_wconf 94' lang='lat' dir='ltr'><strong>l.</strong></span> <span class='ocrx_word' id='word_1_194' title='bbox 303 3000 545 3051; x_wconf 82' lang='lat' dir='ltr'><strong>20.—intetdum:</strong></span> <span class='ocrx_word' id='word_1_195' title='bbox 568 3006 617 3051; x_wconf 91' lang='lat' dir='ltr'><strong>not</strong></span> <span class='ocrx_word' id='word_1_196' title='bbox 668 2996 749 3061; x_wconf 80' lang='lat' dir='ltr'><strong>them,</strong></span> <span class='ocrx_word' id='word_1_197' title='bbox 777 2999 912 3062; x_wconf 79' lang='lat' dir='ltr'><strong>praesidio</strong></span> <span class='ocrx_word' id='word_1_198' title='bbox 938 2997 1022 3065; x_wconf 83' lang='lat' dir='ltr'><strong>being</strong></span> <span class='ocrx_word' id='word_1_199' title='bbox 1047 3014 1063 3048; x_wconf 90' lang='lat' dir='ltr'><strong>a</strong></span> <span class='ocrx_word' id='word_1_200' title='bbox 1089 2997 1145 3049; x_wconf 82' lang='lat' dir='ltr'><strong>dat.</strong></span> <span class='ocrx_word' id='word_1_201' title='bbox 1165 2996 1197 3050; x_wconf 74' lang='lat' dir='ltr'><strong>oi</strong></span> 
     </span>
     <span class='ocr_line' id='line_1_26' title="bbox 87 3075 1193 3147; baseline 0 -20"><span class='ocrx_word' id='word_1_202' title='bbox 87 3077 403 3131; x_wconf 70' lang='lat' dir='ltr'><strong>interim-videbant:</strong></span> <span class='ocrx_word' id='word_1_203' title='bbox 424 3078 494 3131; x_wconf 83' lang='lat' dir='ltr'><strong>used</strong></span> <span class='ocrx_word' id='word_1_204' title='bbox 500 3077 611 3147; x_wconf 79' lang='lat' dir='ltr'><strong>tosiglrt.</strong></span> <span class='ocrx_word' id='word_1_205' title='bbox 668 3075 877 3130; x_wconf 81' lang='lat' dir='ltr'><strong>service—id:</strong></span> <span class='ocrx_word' id='word_1_206' title='bbox 915 3078 960 3129; x_wconf 64' lang='lat' dir='ltr'><strong>tle.</strong></span> <span class='ocrx_word' id='word_1_207' title='bbox 992 3076 1048 3129; x_wconf 91' lang='lat' dir='ltr'><strong>this</strong></span> <span class='ocrx_word' id='word_1_208' title='bbox 1078 3075 1193 3146; x_wconf 87' lang='lat' dir='ltr'><strong>preying</strong></span> 
     </span>
    </p>

    <p class='ocr_par' dir='ltr' id='par_1_6' title="bbox 91 3156 1194 3389">
     <span class='ocr_line' id='line_1_27' title="bbox 135 3156 977 3226; baseline -0.004 -15"><span class='ocrx_word' id='word_1_209' title='bbox 135 3177 159 3212; x_wconf 80' lang='lat'><strong>2.</strong></span> <span class='ocrx_word' id='word_1_210' title='bbox 185 3159 346 3223; x_wconf 72' lang='lat' dir='ltr'><strong>capiebant:</strong></span> <span class='ocrx_word' id='word_1_211' title='bbox 392 3156 426 3211; x_wconf 87' lang='lat' dir='ltr'><strong>ci&#39;.</strong></span> <span class='ocrx_word' id='word_1_212' title='bbox 465 3159 616 3224; x_wconf 74' lang='lat' dir='ltr'><strong>rapiebant,</strong></span> <span class='ocrx_word' id='word_1_213' title='bbox 669 3173 742 3225; x_wconf 92' lang='lat' dir='ltr'><strong>upon</strong></span> <span class='ocrx_word' id='word_1_214' title='bbox 755 3156 827 3210; x_wconf 86' lang='lat' dir='ltr'><strong>their</strong></span> <span class='ocrx_word' id='word_1_215' title='bbox 838 3156 977 3226; x_wconf 84' lang='lat' dir='ltr'><strong>shipping.</strong></span> 
     </span>
     <span class='ocr_line' id='line_1_28' title="bbox 91 3237 1194 3309; baseline -0.006 -16"><span class='ocrx_word' id='word_1_216' title='bbox 91 3238 615 3309; x_wconf 82' lang='lat' dir='ltr'><strong>p.7‚l.17.-siqurte:ifany,·cf.</strong></span> <span class='ocrx_word' id='word_1_217' title='bbox 729 3251 753 3300; x_wconf 81' lang='lat'><strong>5.</strong></span> <span class='ocrx_word' id='word_1_218' title='bbox 778 3241 906 3290; x_wconf 71' lang='lat' dir='ltr'><strong>subacta:</strong></span> <span class='ocrx_word' id='word_1_219' title='bbox 944 3237 1047 3302; x_wconf 73' lang='lat' dir='ltr'><strong>subigo,</strong></span> <span class='ocrx_word' id='word_1_220' title='bbox 1074 3251 1100 3305; x_wconf 88' lang='lat'><strong>3,</strong></span> <span class='ocrx_word' id='word_1_221' title='bbox 1130 3240 1194 3303; x_wconf 57' lang='lat' dir='ltr'><strong>egi,</strong></span> 
     </span>
     <span class='ocr_line' id='line_1_29' title="bbox 94 3317 883 3389; baseline -0.003 -18"><span class='ocrx_word' id='word_1_222' title='bbox 94 3319 139 3374; x_wconf 71' lang='lat' dir='ltr'><strong>tlte</strong></span> <span class='ocrx_word' id='word_1_223' title='bbox 152 3326 215 3374; x_wconf 88' lang='lat' dir='ltr'><strong>note</strong></span> <span class='ocrx_word' id='word_1_224' title='bbox 229 3335 266 3373; x_wconf 91' lang='lat' dir='ltr'><strong>on</strong></span> <span class='ocrx_word' id='word_1_225' title='bbox 279 3321 352 3387; x_wconf 83' lang='lat' dir='ltr'><strong>quid,</strong></span> <span class='ocrx_word' id='word_1_226' title='bbox 364 3336 392 3388; x_wconf 91' lang='lat' dir='ltr'><strong>p.</strong></span> <span class='ocrx_word' id='word_1_227' title='bbox 409 3317 451 3389; x_wconf 82' lang='lat'><strong>56,</strong></span> <span class='ocrx_word' id='word_1_228' title='bbox 464 3318 483 3371; x_wconf 93' lang='lat' dir='ltr'><strong>l.</strong></span> <span class='ocrx_word' id='word_1_229' title='bbox 500 3333 525 3372; x_wconf 89' lang='lat'><strong>1.</strong></span> <span class='ocrx_word' id='word_1_230' title='bbox 668 3320 765 3384; x_wconf 72' lang='lat' dir='ltr'><strong>-ictus,</strong></span> <span class='ocrx_word' id='word_1_231' title='bbox 775 3319 883 3371; x_wconf 80' lang='lat' dir='ltr'><strong>subdue.</strong></span> 
     </span>
    </p>

    <p class='ocr_par' dir='ltr' id='par_1_7' title="bbox 94 3397 1194 3629">
     <span class='ocr_line' id='line_1_30' title="bbox 136 3397 1194 3464; baseline -0.003 -11"><span class='ocrx_word' id='word_1_232' title='bbox 136 3417 160 3464; x_wconf 74' lang='lat'><strong>3.</strong></span> <span class='ocrx_word' id='word_1_233' title='bbox 186 3401 292 3453; x_wconf 74' lang='lat' dir='ltr'><strong>tardius</strong></span> <span class='ocrx_word' id='word_1_234' title='bbox 318 3439 324 3451; x_wconf 91' lang='lat'>.</span> <span class='ocrx_word' id='word_1_235' title='bbox 353 3437 360 3452; x_wconf 88' lang='lat'><strong>.</strong></span> <span class='ocrx_word' id='word_1_236' title='bbox 388 3401 531 3452; x_wconf 72' lang='lat' dir='ltr'><strong>⁸maiore:</strong></span> <span class='ocrx_word' id='word_1_237' title='bbox 570 3399 617 3453; x_wconf 89' lang='lat' dir='ltr'><strong>ab·</strong></span> <span class='ocrx_word' id='word_1_238' title='bbox 727 3404 752 3449; x_wconf 81' lang='lat'><strong>⁶.</strong></span> <span class='ocrx_word' id='word_1_239' title='bbox 776 3402 810 3451; x_wconf 72' lang='lat' dir='ltr'><strong>ne</strong></span> <span class='ocrx_word' id='word_1_240' title='bbox 831 3437 837 3451; x_wconf 92' lang='lat'>.</span> <span class='ocrx_word' id='word_1_241' title='bbox 855 3437 884 3451; x_wconf 91' lang='lat'><strong>..</strong></span> <span class='ocrx_word' id='word_1_242' title='bbox 904 3412 1050 3464; x_wconf 79' lang='lat' dir='ltr'><strong>umquam:</strong></span> <span class='ocrx_word' id='word_1_243' title='bbox 1081 3413 1111 3451; x_wconf 86' lang='lat' dir='ltr'><strong>so</strong></span> <span class='ocrx_word' id='word_1_244' title='bbox 1133 3397 1194 3450; x_wconf 75' lang='lat' dir='ltr'><strong>that</strong></span> 
     </span>
     <span class='ocr_line' id='line_1_31' title="bbox 94 3479 763 3552; baseline 0 -21"><span class='ocrx_word' id='word_1_245' title='bbox 94 3479 181 3534; x_wconf 81' lang='lat' dir='ltr'><strong>solute</strong></span> <span class='ocrx_word' id='word_1_246' title='bbox 199 3479 397 3548; x_wconf 83' lang='lat' dir='ltr'><strong>comparatives</strong></span> <span class='ocrx_word' id='word_1_247' title='bbox 419 3479 466 3552; x_wconf 83' lang='lat' dir='ltr'><strong>(cf.</strong></span> <span class='ocrx_word' id='word_1_248' title='bbox 486 3479 533 3533; x_wconf 89' lang='lat' dir='ltr'><strong>the</strong></span> <span class='ocrx_word' id='word_1_249' title='bbox 553 3489 617 3533; x_wconf 88' lang='lat' dir='ltr'><strong>note</strong></span> <span class='ocrx_word' id='word_1_250' title='bbox 669 3495 763 3531; x_wconf 77' lang='lat' dir='ltr'><strong>never.</strong></span> 
     </span>
     <span class='ocr_line' id='line_1_32' title="bbox 95 3558 1017 3629; baseline 0.001 -18"><span class='ocrx_word' id='word_1_251' title='bbox 95 3575 131 3611; x_wconf 89' lang='lat' dir='ltr'><strong>on</strong></span> <span class='ocrx_word' id='word_1_252' title='bbox 146 3578 173 3629; x_wconf 90' lang='lat' dir='ltr'><strong>p.</strong></span> <span class='ocrx_word' id='word_1_253' title='bbox 192 3574 231 3628; x_wconf 85' lang='lat'><strong>13,</strong></span> <span class='ocrx_word' id='word_1_254' title='bbox 250 3559 270 3612; x_wconf 92' lang='lat' dir='ltr'><strong>l.</strong></span> <span class='ocrx_word' id='word_1_255' title='bbox 293 3559 615 3626; x_wconf 76' lang='lat' dir='ltr'><strong>11).-intervaui:cf.</strong></span> <span class='ocrx_word' id='word_1_256' title='bbox 730 3566 754 3611; x_wconf 87' lang='grc'><strong>8.</strong></span> <span class='ocrx_word' id='word_1_257' title='bbox 781 3558 897 3611; x_wconf 83' lang='lat' dir='ltr'><strong>fretum:</strong></span> <span class='ocrx_word' id='word_1_258' title='bbox 920 3558 1017 3612; x_wconf 87' lang='lat' dir='ltr'><strong>sound.</strong></span> 
     </span>
    </p>

    <p class='ocr_par' dir='ltr' id='par_1_8' title="bbox 97 3637 1146 3708">
     <span class='ocr_line' id='line_1_33' title="bbox 97 3637 1146 3708; baseline -0.004 -15"><span class='ocrx_word' id='word_1_259' title='bbox 97 3653 122 3706; x_wconf 76' lang='grc' dir='ltr'><strong>ρ.</strong></span> <span class='ocrx_word' id='word_1_260' title='bbox 135 3654 174 3708; x_wconf 79' lang='lat'><strong>57,</strong></span> <span class='ocrx_word' id='word_1_261' title='bbox 187 3641 207 3693; x_wconf 92' lang='lat' dir='ltr'><strong>l.</strong></span> <span class='ocrx_word' id='word_1_262' title='bbox 221 3655 248 3704; x_wconf 89' lang='grc'><strong>4.</strong></span> <span class='ocrx_word' id='word_1_263' title='bbox 715 3653 754 3701; x_wconf 82' lang='grc' dir='ltr'><strong>ι5.</strong></span> <span class='ocrx_word' id='word_1_264' title='bbox 781 3643 904 3691; x_wconf 81' lang='lat' dir='ltr'><strong>numero:</strong></span> <span class='ocrx_word' id='word_1_265' title='bbox 925 3638 959 3692; x_wconf 85' lang='lat' dir='ltr'><strong>cs.</strong></span> <span class='ocrx_word' id='word_1_266' title='bbox 974 3657 1002 3707; x_wconf 87' lang='lat' dir='ltr'><strong>p.</strong></span> <span class='ocrx_word' id='word_1_267' title='bbox 1016 3653 1059 3703; x_wconf 82' lang='lat'><strong>44,</strong></span> <span class='ocrx_word' id='word_1_268' title='bbox 1071 3637 1088 3690; x_wconf 92' lang='lat' dir='ltr'><strong>l.</strong></span> <span class='ocrx_word' id='word_1_269' title='bbox 1106 3654 1115 3690; x_wconf 89' lang='lat'>1</span> <span class='ocrx_word' id='word_1_270' title='bbox 1122 3652 1146 3707; x_wconf 76' lang='grc' dir='ltr'><strong>ς.</strong></span> 
     </span>
    </p>

    <p class='ocr_par' dir='ltr' id='par_1_9' title="bbox 137 3718 1153 3785">
     <span class='ocr_line' id='line_1_34' title="bbox 137 3718 1153 3785; baseline -0.001 -13"><span class='ocrx_word' id='word_1_271' title='bbox 137 3739 161 3784; x_wconf 81' lang='lat'><strong>4.</strong></span> <span class='ocrx_word' id='word_1_272' title='bbox 187 3724 229 3772; x_wconf 71' lang='lat' dir='ltr'><strong>eis</strong></span> <span class='ocrx_word' id='word_1_273' title='bbox 249 3721 399 3778; x_wconf 71' lang='lat' dir='ltr'><strong>praesidii:</strong></span> <span class='ocrx_word' id='word_1_274' title='bbox 419 3738 452 3773; x_wconf 84' lang='lat' dir='ltr'><strong>as</strong></span> <span class='ocrx_word' id='word_1_275' title='bbox 473 3739 511 3772; x_wconf 84' lang='lat' dir='ltr'><strong>an</strong></span> <span class='ocrx_word' id='word_1_276' title='bbox 534 3724 615 3774; x_wconf 81' lang='lat' dir='ltr'><strong>escort</strong></span> <span class='ocrx_word' id='word_1_277' title='bbox 715 3725 755 3771; x_wconf 75' lang='grc' dir='ltr'><strong>ιθ.</strong></span> <span class='ocrx_word' id='word_1_278' title='bbox 782 3721 874 3782; x_wconf 73' lang='lat' dir='ltr'><strong>ignes:</strong></span> <span class='ocrx_word' id='word_1_279' title='bbox 895 3719 1025 3771; x_wconf 88' lang='lat' dir='ltr'><strong>translate</strong></span> <span class='ocrx_word' id='word_1_280' title='bbox 1038 3735 1068 3770; x_wconf 89' lang='lat' dir='ltr'><strong>as</strong></span> <span class='ocrx_word' id='word_1_281' title='bbox 1080 3718 1153 3785; x_wconf 77' lang='lat' dir='ltr'><strong>sing.</strong></span> 
     </span>
    </p>
   </div>
   <div class='ocr_carea' id='block_1_6' title="bbox 0 0 1354 4186">
    <p class='ocr_par' dir='ltr' id='par_1_10' title="bbox 0 0 1354 4186">
     <span class='ocr_line' id='line_1_35' title="bbox 0 0 1354 4186; baseline 0 0"><span class='ocrx_word' id='word_1_282' title='bbox 0 0 1354 4186; x_wconf 95' lang='lat' dir='ltr'><strong> </strong></span> 
     </span>
    </p>
   </div>
  </div>
 </body>
</html>
