2700 4186
487 245 597 303 emsa
622 245 744 328 namn
772 246 934 303 nnnnsn

584 467 765 533 resson
798 469 839 547 84

509 651 650 716 Burned
667 662 705 715 at
726 652 778 715 tlte
804 652 907 716 Steke

203 815 257 880 De
279 815 474 880 credelitate
500 816 660 879 Indorum
684 815 789 878 multa
812 823 998 879 narrantur.
1057 817 1160 894 Slcut,
1184 838 1259 882 cum

163 921 320 1003 oppidum
345 922 537 983 colonorum
564 919 732 1003 quoddam
756 926 776 981 a
800 919 903 983 Gallis
927 920 1143 1003 barbarisque
1173 933 1261 987 esset

163 1031 398 1106 expugnatum,
437 1024 648 1107 ampliusque
692 1025 936 1107 quinquaginta
975 1026 1136 1106 oppidani
1173 1037 1263 1109 capti

162 1138 281 1204 essent,
300 1129 412 1191 hostes
428 1147 502 1191 cum
521 1135 661 1209 captivis
678 1128 806 1190 miseris
829 1128 1007 1190 confestim
1029 1129 1164 1192 domum
1186 1151 1261 1194 con-

142 1233 349 1301 stenderunt.
393 1233 484 1294 Dum
500 1242 609 1294 autem
628 1231 690 1294 iter
706 1232 843 1307 faciunt,
862 1238 948 1294 dnus
966 1240 984 1294 e
999 1241 1148 1315 captivis,
1163 1236 1263 1298 homo

162 1333 290 1406 obesus,
304 1341 361 1413 qui
376 1352 461 1394 onus
477 1351 579 1413 grave
596 1331 685 1394 ferre
701 1337 835 1394 coactus
852 1332 978 1394 tardius
1000 1334 1209 1415 sequebatur,
1228 1343 1263 1399 se

164 1457 260 1519 posse
288 1437 372 1499 clam
401 1436 553 1517 effugere
584 1445 685 1512 ratus,
712 1456 796 1498 onus
829 1435 939 1499 subito
969 1437 1003 1498 in
1030 1438 1084 1500 via
1110 1438 1264 1521 deposuit

162 1552 260 1624 atque
276 1540 311 1604 in
326 1539 445 1603 arbore
461 1546 543 1603 cava
558 1540 660 1603 latere
677 1547 817 1602 conatus
831 1550 891 1604 est.

207 1647 274 1709 Hic
299 1653 410 1707 autem
435 1644 485 1707 ab'
503 1643 595 1706 Indis
619 1643 713 1706 brevi
736 1654 899 1725 repertus,
915 1654 1009 1708 veste
1032 1646 1182 1710 detracta
1204 1667 1265 1729 per

119 1750 271 1814 sonivem
297 1751 407 1813 midus
433 1750 591 1832 progredi
615 1758 667 1812 est
692 1755 845 1825 coactus3
875 1757 942 1831 quo
967 1751 1066 1812 modo
1090 1771 1196 1833 usque
1223 1752 1265 1815 ad

164 1867 294 1919 noctem
311 1856 374 1917 iter
390 1855 516 1918 factum
535 1863 594 1918 est.
642 1855 729 1916 Tum
746 1854 887 1930 barbari,
906 1862 1039 1934 captivo
1055 1855 1097 1917 ad
1113 1856 1263 1919 arborem

163 1961 311 2041 religdtd,
342 1960 455 2040 ignem
487 1957 727 2040 pedetemptim
763 1957 996 2033 admovebant,
1029 1959 1135 2023 donec
1166 1960 1266 2022 homo

164 2063 380 2128 moribundus
402 2072 494 2125 visus
515 2071 583 2139 est;
608 2061 729 2125 deinde
752 2081 867 2124 rursus
891 2063 1026 2142 paulum
1051 2062 1264 2139 redticebant,

163 2175 228 2253 quo
272 2168 396 2231 diritius
431 2167 640 2230 cruciaretur.
698 2165 788 2247 Quin
823 2167 932 2240 etiam,
964 2172 1007 2227 ne
1036 2167 1099 2230 hoc
1131 2168 1265 2250 quidem

119 2295 153 2346 ις
163 2280 321 2347 contenti,
344 2273 451 2335 frdsta
476 2271 691 2334 absciderunt
711 2278 886 2346 viscerum,
910 2279 946 2332 ut
968 2272 1116 2333 cruciats:
1142 2279 1267 2352 captivi

160 2378 277 2442 oculos
297 2384 375 2439 suos
394 2383 580 2464 pascerent,
601 2394 677 2438 cum
697 2374 828 2436 interim
849 2384 1007 2436 canerent
1030 2384 1086 2437 aut
1107 2375 1268 2438 saltarent

159 2481 329 2558 ridentem
353 2490 386 2543 et
402 2487 580 2562 postremo,
606 2486 649 2541 ne
664 2478 865 2542 contumelia
888 2478 955 2540 olla
978 2479 1121 2554 deesset,
1146 2480 1267 2561 corpus

225 2663 250 2710 3.
277 2647 411 2712 amplius:
427 2642 688 2714 i.e.more(than);
788 2661 828 2707 14.
856 2646 922 2709 qud:
954 2641 1094 2714 replacing
1120 2647 1160 2709 ut,
1187 2660 1217 2697 as
1247 2643 1268 2697 it

157 2725 198 2783 cf.
218 2726 286 2781 such
307 2725 482 2796 expressions
500 2743 531 2779 as
550 2726 659 2780 “above
674 2742 692 2778 a
742 2724 875 2795 regularly
897 2723 965 2776 does
984 2723 1064 2776 when
1083 2723 1130 2777 the
1150 2741 1268 2793 purpose

158 2807 330 2863 thousand.”
741 2804 833 2859 clause
854 2804 980 2858 contains
999 2822 1015 2856 a
1033 2804 1266 2873 comparative.—

224 2895 251 2941 6.
277 2891 372 2942 obesus
395 2887 446 2958 (a,
459 2886 544 2957 -um):
564 2892 646 2941 stmct.
655 2917 692 2927 -
742 2887 915 2938 cruciaretur:
929 2886 1023 2950 crucio,
1036 2899 1057 2950 1,
1070 2884 1149 2954 (keep
1158 2886 1202 2954 in)
1214 2891 1265 2938 tor·

160 2971 283 3024 tardius:
303 2968 390 3023 absol.
406 2985 524 3038 compar.
741 2968 930 3020 tura-hoc:
954 2966 1060 3037 (neut.)
1077 2982 1161 3019 noun.

226 3067 251 3116 7.
278 3065 360 3104 onus:
380 3065 456 3115 onus,
469 3051 541 3112 eris,
554 3063 592 3116 m,
605 3048 677 3102 laad.
787 3062 827 3111 15.
854 3049 989 3100 contenti:
1037 3050 1188 3111 contentus,
1232 3062 1269 3110 ·a‚

226 3149 252 3196 9.
279 3134 339 3184 hic:
359 3130 405 3184 the
418 3130 623 3183 adn-veste:
644 3131 689 3182 rie.
744 3143 808 3194 -um‚
822 3126 887 3180 with
907 3126 972 3193 abl,
991 3133 1099 3180 content
1120 3125 1269 3198 (north).-

160 3214 339 3266 vestimentd.
743 3208 846 3263 fricta:
879 3215 928 3261 not
957 3207 1268 3260 fristra-viscerum:

211 3311 251 3345 ιι.
278 3294 331 3345 lter
354 3291 459 3345 factum
482 3295 540 3344 est:
561 3289 692 3344 translate
742 3293 841 3354 viscus,
866 3289 939 3354 -eris,
960 3301 1000 3352 N„
1026 3287 1111 3359 (sing.
1135 3287 1192 3341 and
1216 3287 1268 3360 pl.)

164 3372 203 3446 by
213 3391 250 3427 an
268 3374 357 3427 active
375 3371 453 3426 form.
745 3368 826 3437 fleslz.

211 3472 251 3507 12.
278 3456 384 3518 ignem:
403 3453 692 3520 mestre-admove·
787 3456 827 3502 ιδ.
852 3453 1008 3515 pascerent:
1035 3453 1123 3516 pasco,
1148 3465 1174 3519 3,
1198 3454 1271 3517 piri,

166 3537 247 3588 bant:
268 3535 332 3602 kept
351 3535 467 3602 moving
476 3536 524 3601 up.
742 3534 847 3597 pastus,
856 3528 920 3581 with
929 3529 995 3596 abl,
997 3529 1077 3600 feast
1089 3569 1095 3582 .
1109 3569 1116 3582 .
1131 3568 1137 3582 .
1154 3531 1269 3600 (upon).

213 3633 249 3677 ¹3·
278 3617 454 3667 redimebant:
482 3627 605 3668 seeum
632 3611 691 3679 (ie.
746 3609 864 3678 strictly,
872 3611 991 3661 cruciate
1003 3609 1026 3662 is
1039 3609 1094 3664 abl.
1110 3609 1141 3664 ol
1151 3627 1253 3663 means.

171 3699 271 3752 lenem)
317 3695 372 3748 For
384 3693 432 3747 the
445 3693 517 3747 force
530 3691 562 3746 os
577 3690 632 3744 this
645 3690 694 3744 im·
791 3706 830 3752 17.
857 3692 978 3741 deesset:
1000 3689 1072 3742 what
1088 3690 1111 3743 is
1125 3691 1172 3743 the
1186 3690 1271 3743 literal

171 3774 323 3844 perlectcf.
336 3776 485 3841 replebant,
498 3790 525 3841 p.
541 3785 566 3833 7.
578 3771 598 3824 Ι.
615 3783 657 3836 17.
745 3767 819 3823 soree
830 3767 862 3822 of
870 3769 917 3820 the
930 3769 1006 3822 word
1021 3771 1068 3829 (de
1082 3780 1105 3829 ÷
1118 3772 1212 3839 oum?
