2700 4186
431 249 547 306 FIRST
573 249 695 306 LATIN
722 249 887 308 READER
1152 273 1208 316 111

103 428 341 493 moriebantur.
389 429 466 511 Quo
482 429 582 492 modo
598 449 699 511 saepe
715 430 840 492 iactum
859 441 910 494 est
926 441 963 495 ut
978 441 1052 509 vivi,
1070 433 1210 497 vinculis

102 541 235 609 retenti,
251 535 340 597 inter
355 540 503 596 mortuos
522 534 630 596 iacere
650 542 859 615 cogerentur,
877 535 983 598 donec
1004 545 1138 617 postero
1156 538 1210 601 die

101 621 227 702 natutae
243 638 411 701 solverent
427 645 574 701 mortuos
590 657 795 721 corporaque
811 639 845 701 iu
861 659 952 703 mare
968 639 1147 706 abicerent.

529 966 713 1032 LESSON
743 984 785 1049 9²

482 1150 513 1216 A
538 1151 657 1214 Pirate
682 1151 829 1216 Outdonc

147 1314 219 1378 Illis
242 1315 458 1396 temporibus,
480 1334 556 1377 cum
580 1325 667 1378 servi
690 1315 825 1397 plflrimi
847 1337 887 1379 ex
902 1304 1022 1381 Ᾰίτίοὲ
1044 1319 1077 1380 in
1101 1325 1205 1383 terris
1314 1310 1316 1321 ’

73 1419 251 1489 sdiversis
282 1426 596 1500 transponerentur,
629 1440 731 1501 saepe
761 1419 795 1482 in
828 1430 911 1482 mari
944 1421 1205 1486 coniuritionem

98 1521 189 1586 inter
208 1531 245 1586 se
263 1535 385 1586 nautae
408 1524 570 1598 iecerunt,
588 1524 789 1607 dominoque
808 1524 903 1586 nivis
925 1535 981 1587 aut
1000 1528 1150 1589 coniecto
1171 1528 1204 1589 in

97 1628 236 1691 vincula
255 1638 312 1691 aut
332 1626 519 1702 interiecto,
537 1627 655 1690 ducem
676 1648 797 1690 novum
820 1631 885 1710 ipsi
905 1629 1114 1711 deligebant3
1139 1638 1206 1713 quo

98 1731 203 1794 modi>
225 1739 353 1812 piritae
377 1731 458 1793 iacti
481 1732 665 1794 secundum
690 1732 767 1794 lItus
783 1720 923 1796 Africae
947 1734 1034 1796 ultro
1056 1734 1205 1817 citroque
1306 1764 1311 1774 ·

98 1836 307 1917 nivigzibaut
322 1846 356 1899 et
371 1842 473 1897 nives
489 1835 637 1916 gentium
656 1836 845 1917 spoliabant
861 1839 1029 1900 omnium.

57 1959 89 1996 ιο
146 1939 297 2022 Quorum
321 1947 339 2001 ὃ
358 1947 496 2003 numero
516 1940 651 2022 quidam
670 1940 703 2001 in
726 1951 857 2021 portum
876 1942 955 2004 olim
974 1950 1061 2006 vecti
1079 1943 1205 2025 longin-

98 2064 216 2127 quum,
233 2045 290 2107 ubi
304 2043 338 2106 in
356 2044 451 2107 litore
467 2043 627 2106 collocaita
643 2054 738 2107 erant
757 2055 867 2108 castra
881 2067 986 2127 parva
1003 2048 1203 2121 Britannica,

98 2149 247 2231 legitum
276 2147 342 2213 tela
370 2168 554 2230 aurumque
582 2156 599 2210 ἕ
628 2156 745 2211 castris
774 2149 815 2211 ad
847 2157 882 2212 se
913 2151 1043 2214 mittere
1075 2159 1204 2214 summai

98 2252 259 2335 superbi}
285 2254 462 2316 iusserunt.
522 2252 584 2315 Ille
612 2260 698 2328 verb,
723 2253 773 2315 vir
800 2254 961 2317 maximae
986 2255 1203 2331 constantiae,

97 2378 218 2422 aurum
231 2358 404 2439 respondit
418 2365 454 2419 se
471 2365 537 2418 non
555 2357 709 2419 daturum
722 2377 805 2432 esse,
819 2357 877 2419 sed
894 2358 960 2420 tela
977 2359 1118 2422 libenter
1130 2362 1205 2423 mis-

55 2470 225 2540 issfirum,
247 2472 276 2526 si
298 2470 412 2526 eorum
437 2462 530 2524 nivis
554 2461 691 2543 propius
715 2461 918 2525 accessisset.
966 2463 1052 2524 Tum
1078 2471 1202 2544 piritae

95 2574 148 2631 iri
165 2574 322 2631 commoti
337 2576 446 2629 castra
461 2566 622 2628 {cerrime
640 2565 748 2627 adorti
767 2574 853 2640 sunt,
871 2587 909 2630 ac
929 2567 1058 2648 legatus
1077 2568 1204 2630 Britan·

97 2670 205 2747 nicus,
223 2681 398 2753 postquam
421 2671 487 2732 tela
503 2671 699 2732 deiecerunt
720 2677 871 2732 §castris
893 2678 930 2732 se
945 2671 1095 2753 recipere
1111 2679 1202 2735 coic-

96 2786 165 2851 tus,
197 2781 366 2856 postremo
399 2773 442 2834 ab
480 2773 632 2836 hostibus
663 2783 781 2853 captus
812 2784 881 2848 est;
921 2784 978 2855 qui
1011 2795 1087 2837 eum
1126 2795 1200 2837 cum

96 2877 293 2944 custbdibus
324 2877 500 2941 confestim
532 2877 573 2940 ad
605 2876 724 2939 ducem
757 2885 926 2941 miserunt.
975 2879 1044 2942 Iste
1078 2879 1202 2942 scilicet

162 3079 186 3114 1.
212 3062 408 3114 moriebantur:
431 3057 624 3125 cirspiebant,
722 3077 762 3111 12.
788 3074 897 3112 sutum:
935 3059 972 3114 do
1010 3067 1059 3114 not
1089 3059 1202 3115 confuse

94 3160 126 3215 p.
147 3155 173 3210 7,
191 3141 209 3196 l.
231 3140 426 3208 17.—iectum
448 3143 491 3192 est
515 3143 561 3193 ut:
588 3139 624 3194 cf.
674 3155 769 3192 eurum
787 3138 851 3192 with
869 3141 951 3193 suris.

95 3241 125 3295 p.
141 3223 214 3291 74‚l.
231 3236 270 3293 ις.
722 3239 762 3283 14.
788 3223 919 3273 libenter:
946 3220 981 3275 cf.
1005 3221 1053 3275 the
1075 3230 1140 3276 note
1164 3238 1202 3275 on

161 3321 186 3368 ³·
212 3305 349 3357 solverent
374 3340 381 3354 .
407 3339 414 3352 .
441 3339 447 3352 .
472 3303 623 3353 abicerent:
675 3318 703 3370 p.
717 3317 760 3371 93,
773 3300 792 3353 l.
806 3317 833 3371 9.

95 3384 231 3439 translate
260 3383 329 3438 both
360 3381 408 3436 the
438 3381 625 3453 subjunctives
722 3396 761 3445 15.
786 3383 961 3434 accessisset:
988 3382 1022 3437 ef.
1048 3386 1122 3435 esset
1145 3399 1203 3450 per·

96 3464 250 3520 “shouldr’
676 3466 778 3529 ruptus,
791 3479 819 3531 p.
837 3476 893 3528 107,
906 3461 925 3514 l.
940 3479 966 3530 3.

160 3561 186 3610 5.
212 3549 295 3598 mariz
313 3544 359 3598 the
369 3543 433 3614 high
445 3560 515 3596 scas.
722 3549 760 3594 16.
787 3547 828 3595 iri
847 3547 987 3596 commoti:
1013 3543 1105 3615 freely,
1121 3544 1205 3615 filled

161 3633 186 3679 8.
211 3630 332 3693 piritse:
353 3624 491 3694 predicate
505 3639 579 3676 nom.
674 3622 743 3676 with
755 3623 859 3676 wratis.

160 3724 186 3771 ⁹·
211 3711 311 3759 nives:
331 3720 483 3759 commercc.
721 3711 761 3755 18.
788 3719 848 3756 cun
863 3705 1033 3757 custodibus:
1053 3706 1096 3758 sic.
1113 3705 1203 3759 under

144 3804 186 3841 so.
211 3791 242 3841 δι
259 3786 299 3859 of.
672 3784 810 3854 greard.-
820 3788 926 3836 ducem:
951 3783 1051 3853 (the'r)
1065 3785 1143 3856 chief
