2700 4186
461 235 573 292 Frnsr
600 236 720 292 aaran
749 237 913 294 unauna
1195 253 1235 319 37

137 437 207 480 cum
235 414 418 491 Hannibal,
443 416 510 478 dux
534 416 729 492 Poeninum,
755 416 800 479 ibi
822 417 959 481 insidias
982 419 1067 481 clam
1092 419 1235 483 lecisset.

138 522 327 586 Secundum
345 521 422 583 litus
442 530 493 584 est
508 521 561 582 via
581 531 735 602 angusta,
753 532 822 583 tum
845 533 918 603 agri
938 533 1053 605 aperti.
1102 525 1142 586 In
1164 525 1236 587 locri

137 635 250 709 aperti>
279 626 453 688 Hannibal
480 637 589 690 castra
615 627 734 708 posuit,
764 628 883 691 milites
915 640 1024 691 autern
1053 632 1176 693 multus
1202 633 1234 693 in

137 730 267 795 latebris
284 753 390 814 prope
409 732 496 794 viam
513 733 696 795 collocavit.
744 734 841 808 Turn,
859 755 934 796 curn
953 735 1097 797 Rdmani
1112 743 1238 798 temere

118 836 184 906 sviai
196 843 341 918 angusta
354 837 396 898 ad
409 835 611 899 Hannibalis
623 847 732 900 castra
744 857 859 900 versus
876 840 939 901 iter
953 839 1114 914 facerent,
1128 838 1238 902 subiti>

138 939 235 1003 Poeni
259 948 278 1004 ὅ
300 940 436 1004 latebris
461 947 642 1022 eruperunt
668 951 702 1004 et
726 941 831 1004 hostis
855 943 1047 1024 perterritus
1070 944 1105 1004 in
1128 942 1236 1007 lacum

136 1045 374 1128 compulerunt.

556 1211 742 1277 LESSON
776 1228 815 1293 33

437 1396 545 1460 Later
563 1397 690 1460 Events
713 1397 755 1478 of
770 1397 824 1459 tlte
856 1397 935 1462 War

176 1561 248 1624 Etsi
268 1562 303 1624 in
325 1558 459 1642 proelis),
477 1561 518 1622 de
538 1567 604 1642 qut')
627 1567 728 1641 supra
749 1559 823 1635 dixi,
842 1560 930 1624 Galli
949 1561 1120 1625 victdriam
1142 1570 1238 1626 erant

136 1664 244 1746 adepti
267 1664 487 1745 Britannique
508 1684 549 1726 ex
567 1664 630 1725 illis
657 1663 849 1744 regibnibus
868 1665 1039 1727 celerrime
1055 1672 1091 1727 se
1108 1673 1238 1746 recepe·
1299 1657 1302 1663 ’

90 1778 213 1844 terant,
227 1768 448 1848 Vasingtdnis
464 1777 576 1830 tamen
595 1767 749 1829 virtutem
767 1775 883 1830 omnes
896 1766 1086 1830 laudabant.
1127 1768 1236 1850 Quem

135 1871 231 1953 igitur
258 1870 376 1944 coldni,
406 1871 510 1952 cdpiis
535 1877 605 1933 trita
634 1891 676 1934 ex
707 1871 878 1952 prdvincia
909 1879 1041 1948 coactis,
1071 1891 1237 1934 summum

134 1975 283 2039 lecerunt
299 1975 420 2037 ducem
436 1984 470 2038 et
485 1975 520 2036 in
537 1983 667 2037 montes
687 1996 761 2037 cum
779 1977 924 2038 exercitii
941 1976 984 2038 ad
1005 1977 1108 2038 hostis
1126 1996 1238 2039 arcen-

134 2079 190 2143 dcis
208 2087 387 2155 miserunt3
413 2079 470 2142 ubi
485 2078 610 2143 bellum
626 2100 703 2143 cum
717 2080 821 2144 Gallis
837 2088 1019 2162 ebrumque
1037 2082 1133 2143 sociis
1150 2088 1238 2143 men·

134 2192 183 2247 ses
206 2183 327 2247 multds
344 2183 486 2246 feliciter
507 2185 630 2264 gessit:
654 2184 826 2267 tribusque
850 2194 926 2266 post
950 2195 1055 2260 annis,
1073 2205 1149 2247 cum
1172 2184 1237 2248 iam

90 2279 348 2369 15im'perait6res
383 2290 572 2369 complures
604 2296 623 2350 ὃ
655 2287 826 2351 Britannia
856 2289 897 2351 ad
923 2289 1115 2352 Americam
1147 2289 1239 2352 missi

133 2401 252 2467 essent,
271 2398 339 2453 rina
355 2412 430 2455 curn
449 2392 566 2474 legatis
583 2393 656 2456 aliis
676 2392 826 2475 legidnes
843 2393 1004 2476 quasdam
1023 2393 1078 2456 ille
1095 2401 1113 2456 e
1135 2395 1239 2456 Penn-

134 2497 282 2580 sylvr'enia
298 2503 390 2558 trans
413 2504 544 2559 montes
562 2497 655 2559 duxit
671 2507 772 2579 atque
789 2498 902 2560 hostes
919 2518 959 2560 ex
976 2508 1023 2560 eis
1040 2498 1119 2561 locis
1136 2498 1240 2561 disce-

134 2600 209 2664 dere
226 2600 346 2680 coegit,
360 2599 417 2662 ubi
432 2601 480 2663 illi
492 2601 661 2683 quondam
676 2599 846 2664 Britannis
862 2611 993 2665 tanturn
1004 2601 1238 2665 detrimentum

134 2704 321 2768 intulerant.

90 2823 127 2865 ac
177 2809 255 2890 Qud
281 2808 493 2872 incommodd
522 2817 672 2891 accepti),
701 2809 789 2873 Galli
818 2819 930 2872 tamen
962 2810 1099 2873 minime
1128 2813 1240 2873 animi>

135 2913 268 2975 demissi
282 2911 407 2975 bellum
424 2912 503 2974 alibi
519 2914 639 2976 acriter
651 2921 849 2994 gesserunt3
874 2934 951 2975 nam
970 2914 1055 2989 indi,
1073 2921 1240 2995 quierant

136 3036 240 3098 paene
260 3022 377 3079 ornnes
399 3023 505 3092 amici,
528 3025 587 3080 eris
605 3015 761 3080 omnibus
783 3018 889 3080 modis
911 3017 1123 3080 adiuvabant.
1171 3019 1236 3082 Sed

193 3226 215 3260 2.
241 3209 270 3260 in
294 3210 351 3261 loci
370 3211 480 3273 aperti:
513 3205 605 3278 freely,
630 3209 660 3261 in
759 3226 797 3260 10.
823 3223 918 3274 quem:
948 3217 997 3261 not
1016 3207 1127 3262 relative
1146 3207 1174 3260 in
1193 3207 1238 3262 the
1269 3240 1273 3246 ·

135 3289 176 3342 tte
186 3293 276 3359 opem·
295 3289 334 3342 lit.
344 3288 418 3341 what
433 3289 444 3342 i
713 3289 832 3360 English
847 3289 1017 3343 translation.

193 3386 216 3434 5.
242 3371 289 3421 virt
318 3373 451 3434 angusti:
481 3367 524 3422 for
553 3377 660 3439 syntax,
758 3377 796 3421 18.
822 3371 974 3421 Britannis:
988 3370 1043 3422 dat.
1058 3387 1134 3435 case;
1153 3377 1238 3435 trans·

136 3449 165 3503 cf.
184 3451 232 3505 the
254 3457 320 3504 note
340 3467 377 3503 on
396 3454 458 3516 qut,
478 3467 504 3518 p.
525 3464 549 3519 ς,
571 3450 588 3502 l.
612 3465 658 3518 133
712 3450 766 3504 late
779 3451 903 3519 “upon''

137 3531 196 3586 here
225 3532 273 3585 the
297 3530 350 3584 abl.
377 3547 439 3601 may
463 3529 498 3584 be
525 3530 660 3584 rendered
756 3549 797 3583 20.
822 3533 912 3582 animi
944 3532 1071 3583 demissi:
1110 3529 1150 3583 lit.
1183 3538 1238 3582 cast

137 3613 269 3686 “along.”
710 3612 791 3664 down
813 3614 843 3664 in
873 3612 959 3674 mind,
983 3612 1028 3663 tle.
1053 3611 1239 3679 dt‘scouraged.

193 3701 217 3746 8.
242 3696 321 3745 erant
339 3694 448 3757 adepti:
475 3693 618 3758 adipiscor,
634 3706 659 3760 3,
711 3692 773 3744 The
785 3693 913 3745 abtcase
927 3690 991 3745 here
1000 3708 1143 3761 expresses
1153 3692 1237 3761 speci·

137 3777 248 3839 adeptu·
260 3788 329 3829 uum.
340 3775 416 3840 gain,
429 3788 460 3824 or
471 3787 571 3825 secure.
711 3769 832 3824 fication.
