<?xml version="1.0" encoding="UTF-8"?>
<!DOCTYPE html PUBLIC "-//W3C//DTD XHTML 1.0 Transitional//EN"
    "http://www.w3.org/TR/xhtml1/DTD/xhtml1-transitional.dtd">
<html xmlns="http://www.w3.org/1999/xhtml" xml:lang="en" lang="en">
 <head>
  <title>
</title>
<meta http-equiv="Content-Type" content="text/html;charset=utf-8" />
  <meta name='ocr-system' content='tesseract 3.04.00' />
  <meta name='ocr-capabilities' content='ocr_page ocr_carea ocr_par ocr_line ocrx_word'/>
</head>
<body>
  <div class='ocr_page' id='page_1' title='image "./afirstlatinread00nuttgoog_0077.png"; bbox 0 0 2700 4186; ppageno 0'>
   <div class='ocr_carea' id='block_1_1' title="bbox 159 231 937 315">
    <p class='ocr_par' dir='ltr' id='par_1_1' title="bbox 159 231 937 315">
     <span class='ocr_line' id='line_1_1' title="bbox 159 231 937 315; baseline -0.009 -18"><span class='ocrx_word' id='word_1_1' title='bbox 159 231 198 315; x_wconf 81' lang='lat'><strong>56</strong></span> <span class='ocrx_word' id='word_1_2' title='bbox 485 235 597 292; x_wconf 80' lang='lat' dir='ltr'><strong>rrasr</strong></span> <span class='ocrx_word' id='word_1_3' title='bbox 623 235 745 293; x_wconf 65' lang='lat' dir='ltr'><strong>aratu</strong></span> <span class='ocrx_word' id='word_1_4' title='bbox 772 234 937 292; x_wconf 68' lang='lat' dir='ltr'><strong>Renum</strong></span> 
     </span>
    </p>
   </div>
   <div class='ocr_carea' id='block_1_2' title="bbox 157 415 1262 706">
    <p class='ocr_par' dir='ltr' id='par_1_2' title="bbox 157 415 1262 706">
     <span class='ocr_line' id='line_1_2' title="bbox 158 415 1261 498; baseline -0.001 -20"><span class='ocrx_word' id='word_1_5' title='bbox 158 416 221 479; x_wconf 89' lang='lat' dir='ltr'><strong>lam</strong></span> <span class='ocrx_word' id='word_1_6' title='bbox 240 418 350 480; x_wconf 88' lang='lat' dir='ltr'><strong>statim</strong></span> <span class='ocrx_word' id='word_1_7' title='bbox 368 416 508 491; x_wconf 73' lang='lat' dir='ltr'><strong>demisit,</strong></span> <span class='ocrx_word' id='word_1_8' title='bbox 523 415 657 498; x_wconf 75' lang='lat' dir='ltr'><strong>nequid</strong></span> <span class='ocrx_word' id='word_1_9' title='bbox 674 417 788 479; x_wconf 76' lang='lat' dir='ltr'><strong>hostes</strong></span> <span class='ocrx_word' id='word_1_10' title='bbox 802 417 1069 498; x_wconf 70' lang='lat' dir='ltr'><strong>suspicarentur;</strong></span> <span class='ocrx_word' id='word_1_11' title='bbox 1094 436 1132 478; x_wconf 89' lang='lat' dir='ltr'><strong>ae</strong></span> <span class='ocrx_word' id='word_1_12' title='bbox 1147 435 1261 478; x_wconf 87' lang='lat' dir='ltr'><strong>servus</strong></span> 
     </span>
     <span class='ocr_line' id='line_1_3' title="bbox 157 519 1262 603; baseline -0.002 -19"><span class='ocrx_word' id='word_1_13' title='bbox 157 520 250 596; x_wconf 87' lang='lat' dir='ltr'><strong>alter,</strong></span> <span class='ocrx_word' id='word_1_14' title='bbox 268 530 325 603; x_wconf 80' lang='lat' dir='ltr'><strong>qui</strong></span> <span class='ocrx_word' id='word_1_15' title='bbox 347 521 439 583; x_wconf 71' lang='lat' dir='ltr'><strong>nulls)</strong></span> <span class='ocrx_word' id='word_1_16' title='bbox 463 520 562 583; x_wconf 75' lang='lat' dir='ltr'><strong>modo</strong></span> <span class='ocrx_word' id='word_1_17' title='bbox 579 521 720 582; x_wconf 74' lang='lat' dir='ltr'><strong>evadere</strong></span> <span class='ocrx_word' id='word_1_18' title='bbox 745 529 884 601; x_wconf 85' lang='lat' dir='ltr'><strong>poterat,</strong></span> <span class='ocrx_word' id='word_1_19' title='bbox 902 527 961 582; x_wconf 88' lang='lat' dir='ltr'><strong>tris</strong></span> <span class='ocrx_word' id='word_1_20' title='bbox 984 519 1056 582; x_wconf 70' lang='lat' dir='ltr'><strong>dies</strong></span> <span class='ocrx_word' id='word_1_21' title='bbox 1079 526 1262 601; x_wconf 75' lang='lat' dir='ltr'><strong>noctesque</strong></span> 
     </span>
     <span class='ocr_line' id='line_1_4' title="bbox 158 622 1023 706; baseline -0.002 -18"><span class='ocrx_word' id='word_1_22' title='bbox 158 622 220 688; x_wconf 84' lang='lat' dir='ltr'><strong>sub</strong></span> <span class='ocrx_word' id='word_1_23' title='bbox 236 624 375 688; x_wconf 89' lang='lat' dir='ltr'><strong>aedibus</strong></span> <span class='ocrx_word' id='word_1_24' title='bbox 390 624 510 687; x_wconf 88' lang='lat' dir='ltr'><strong>dicitur</strong></span> <span class='ocrx_word' id='word_1_25' title='bbox 526 622 598 687; x_wconf 87' lang='lat' dir='ltr'><strong>sine</strong></span> <span class='ocrx_word' id='word_1_26' title='bbox 614 630 701 706; x_wconf 74' lang='lat' dir='ltr'><strong>aqua</strong></span> <span class='ocrx_word' id='word_1_27' title='bbox 717 623 833 687; x_wconf 75' lang='lat' dir='ltr'><strong>cihove</strong></span> <span class='ocrx_word' id='word_1_28' title='bbox 851 624 1023 687; x_wconf 72' lang='lat' dir='ltr'><strong>mansisse.</strong></span> 
     </span>
    </p>
   </div>
   <div class='ocr_carea' id='block_1_3' title="bbox 577 896 835 976">
    <p class='ocr_par' dir='ltr' id='par_1_3' title="bbox 577 896 835 976">
     <span class='ocr_line' id='line_1_5' title="bbox 577 896 835 976; baseline 0.004 -16"><span class='ocrx_word' id='word_1_29' title='bbox 577 896 761 962; x_wconf 89' lang='lat' dir='ltr'>LESSON</span> <span class='ocrx_word' id='word_1_30' title='bbox 792 898 835 976; x_wconf 87' lang='lat'><strong>48</strong></span> 
     </span>
    </p>
   </div>
   <div class='ocr_carea' id='block_1_4' title="bbox 406 1081 1022 1165">
    <p class='ocr_par' dir='ltr' id='par_1_4' title="bbox 406 1081 1022 1165">
     <span class='ocr_line' id='line_1_6' title="bbox 406 1081 1022 1165; baseline 0 -19"><span class='ocrx_word' id='word_1_31' title='bbox 406 1081 437 1147; x_wconf 88' lang='grc' dir='ltr'><em>Τ</em></span> <span class='ocrx_word' id='word_1_32' title='bbox 431 1082 472 1145; x_wconf 78' lang='lat' dir='ltr'><strong>lte</strong></span> <span class='ocrx_word' id='word_1_33' title='bbox 493 1081 642 1165; x_wconf 81' lang='lat' dir='ltr'><strong>Attempt</strong></span> <span class='ocrx_word' id='word_1_34' title='bbox 664 1093 697 1145; x_wconf 81' lang='lat' dir='ltr'><strong>to</strong></span> <span class='ocrx_word' id='word_1_35' title='bbox 718 1083 866 1164; x_wconf 75' lang='lat' dir='ltr'><em>surprise</em></span> <span class='ocrx_word' id='word_1_36' title='bbox 887 1083 1022 1146; x_wconf 77' lang='lat' dir='ltr'><strong>Detrot&#39;t</strong></span> 
     </span>
    </p>
   </div>
   <div class='ocr_carea' id='block_1_5' title="bbox 119 1244 1263 2879">
    <p class='ocr_par' dir='ltr' id='par_1_5' title="bbox 119 1244 1263 2034">
     <span class='ocr_line' id='line_1_7' title="bbox 204 1244 1263 1329; baseline 0.001 -20"><span class='ocrx_word' id='word_1_37' title='bbox 204 1247 383 1327; x_wconf 89' lang='lat' dir='ltr'><strong>Postquam</strong></span> <span class='ocrx_word' id='word_1_38' title='bbox 406 1246 539 1320; x_wconf 87' lang='lat' dir='ltr'><strong>bellum,</strong></span> <span class='ocrx_word' id='word_1_39' title='bbox 558 1245 646 1326; x_wconf 92' lang='lat' dir='ltr'><strong>quod</strong></span> <span class='ocrx_word' id='word_1_40' title='bbox 662 1252 682 1307; x_wconf 70' lang='lat' dir='ltr'><strong>a</strong></span> <span class='ocrx_word' id='word_1_41' title='bbox 700 1244 868 1307; x_wconf 85' lang='lat' dir='ltr'><strong>Britannis</strong></span> <span class='ocrx_word' id='word_1_42' title='bbox 888 1265 963 1308; x_wconf 91' lang='lat' dir='ltr'><strong>cum</strong></span> <span class='ocrx_word' id='word_1_43' title='bbox 981 1246 1084 1310; x_wconf 80' lang='lat' dir='ltr'><strong>Gallis</strong></span> <span class='ocrx_word' id='word_1_44' title='bbox 1102 1245 1263 1329; x_wconf 80' lang='lat' dir='ltr'><strong>Indisque</strong></span> 
     </span>
     <span class='ocr_line' id='line_1_8' title="bbox 134 1349 1263 1435; baseline 0.001 -24"><span class='ocrx_word' id='word_1_45' title='bbox 134 1349 345 1435; x_wconf 69' lang='lat' dir='ltr'><strong>5gerebatun</strong></span> <span class='ocrx_word' id='word_1_46' title='bbox 363 1370 470 1430; x_wconf 89' lang='lat' dir='ltr'><strong>paene</strong></span> <span class='ocrx_word' id='word_1_47' title='bbox 493 1350 682 1412; x_wconf 78' lang='lat' dir='ltr'><strong>confectum</strong></span> <span class='ocrx_word' id='word_1_48' title='bbox 705 1360 765 1424; x_wconf 88' lang='lat' dir='ltr'><strong>est,</strong></span> <span class='ocrx_word' id='word_1_49' title='bbox 789 1351 958 1430; x_wconf 90' lang='lat' dir='ltr'><strong>multaque</strong></span> <span class='ocrx_word' id='word_1_50' title='bbox 980 1350 1116 1412; x_wconf 88' lang='lat' dir='ltr'><strong>castella</strong></span> <span class='ocrx_word' id='word_1_51' title='bbox 1136 1350 1263 1432; x_wconf 87' lang='lat' dir='ltr'><strong>longin-</strong></span> 
     </span>
     <span class='ocr_line' id='line_1_9' title="bbox 158 1453 1263 1536; baseline 0 -20"><span class='ocrx_word' id='word_1_52' title='bbox 158 1475 224 1536; x_wconf 87' lang='lat' dir='ltr'><strong>qua</strong></span> <span class='ocrx_word' id='word_1_53' title='bbox 261 1455 295 1515; x_wconf 91' lang='lat' dir='ltr'><strong>in</strong></span> <span class='ocrx_word' id='word_1_54' title='bbox 334 1460 532 1535; x_wconf 72' lang='lat' dir='ltr'><strong>potestatem</strong></span> <span class='ocrx_word' id='word_1_55' title='bbox 567 1453 801 1514; x_wconf 77' lang='lat' dir='ltr'><strong>Britannorum</strong></span> <span class='ocrx_word' id='word_1_56' title='bbox 831 1460 1004 1528; x_wconf 74' lang='lat' dir='ltr'><strong>venerunt,</strong></span> <span class='ocrx_word' id='word_1_57' title='bbox 1037 1454 1171 1535; x_wconf 84' lang='lat' dir='ltr'><strong>quidam</strong></span> <span class='ocrx_word' id='word_1_58' title='bbox 1207 1461 1263 1516; x_wconf 75' lang='lat' dir='ltr'><strong>rex</strong></span> 
     </span>
     <span class='ocr_line' id='line_1_10' title="bbox 160 1557 1263 1632; baseline 0 -12"><span class='ocrx_word' id='word_1_59' title='bbox 160 1558 329 1632; x_wconf 74' lang='lat' dir='ltr'><strong>Indorum,</strong></span> <span class='ocrx_word' id='word_1_60' title='bbox 354 1558 487 1619; x_wconf 77' lang='lat' dir='ltr'><strong>nomine</strong></span> <span class='ocrx_word' id='word_1_61' title='bbox 513 1557 658 1629; x_wconf 85' lang='lat' dir='ltr'>Pontiae,</span> <span class='ocrx_word' id='word_1_62' title='bbox 683 1557 749 1617; x_wconf 90' lang='lat' dir='ltr'><strong>dux</strong></span> <span class='ocrx_word' id='word_1_63' title='bbox 774 1557 867 1618; x_wconf 85' lang='lat' dir='ltr'><strong>fortis</strong></span> <span class='ocrx_word' id='word_1_64' title='bbox 892 1566 925 1619; x_wconf 91' lang='lat' dir='ltr'><strong>et</strong></span> <span class='ocrx_word' id='word_1_65' title='bbox 947 1564 1032 1631; x_wconf 74' lang='lat' dir='ltr'><strong>acer,</strong></span> <span class='ocrx_word' id='word_1_66' title='bbox 1054 1558 1191 1620; x_wconf 89' lang='lat' dir='ltr'><strong>castella</strong></span> <span class='ocrx_word' id='word_1_67' title='bbox 1206 1557 1263 1620; x_wconf 88' lang='lat' dir='ltr'><strong>illa</strong></span> 
     </span>
     <span class='ocr_line' id='line_1_11' title="bbox 158 1660 1262 1743; baseline 0.001 -20"><span class='ocrx_word' id='word_1_68' title='bbox 158 1660 305 1743; x_wconf 89' lang='lat' dir='ltr'><strong>recipere</strong></span> <span class='ocrx_word' id='word_1_69' title='bbox 330 1661 575 1742; x_wconf 77' lang='lat' dir='ltr'><strong>Britannosque</strong></span> <span class='ocrx_word' id='word_1_70' title='bbox 607 1661 652 1722; x_wconf 91' lang='lat' dir='ltr'><strong>ita</strong></span> <span class='ocrx_word' id='word_1_71' title='bbox 682 1681 722 1722; x_wconf 88' lang='lat' dir='ltr'><strong>ex</strong></span> <span class='ocrx_word' id='word_1_72' title='bbox 745 1669 793 1722; x_wconf 82' lang='lat' dir='ltr'><strong>eis</strong></span> <span class='ocrx_word' id='word_1_73' title='bbox 819 1660 1011 1740; x_wconf 81' lang='lat' dir='ltr'><strong>regionibus</strong></span> <span class='ocrx_word' id='word_1_74' title='bbox 1034 1660 1202 1740; x_wconf 81' lang='lat' dir='ltr'><strong>expellere</strong></span> <span class='ocrx_word' id='word_1_75' title='bbox 1226 1669 1262 1724; x_wconf 75' lang='lat' dir='ltr'><strong>se</strong></span> 
     </span>
     <span class='ocr_line' id='line_1_12' title="bbox 159 1763 1260 1846; baseline 0.002 -20"><span class='ocrx_word' id='word_1_76' title='bbox 159 1785 257 1846; x_wconf 89' lang='lat' dir='ltr'><strong>posse</strong></span> <span class='ocrx_word' id='word_1_77' title='bbox 279 1771 412 1845; x_wconf 73' lang='lat' dir='ltr'><strong>sperare</strong></span> <span class='ocrx_word' id='word_1_78' title='bbox 434 1765 562 1844; x_wconf 88' lang='lat' dir='ltr'><strong>coepit;</strong></span> <span class='ocrx_word' id='word_1_79' title='bbox 587 1771 699 1844; x_wconf 71' lang='lat' dir='ltr'><strong>quare,</strong></span> <span class='ocrx_word' id='word_1_80' title='bbox 718 1763 865 1825; x_wconf 87' lang='lat' dir='ltr'><strong>conciliis</strong></span> <span class='ocrx_word' id='word_1_81' title='bbox 889 1763 1036 1846; x_wconf 89' lang='lat' dir='ltr'><strong>undique</strong></span> <span class='ocrx_word' id='word_1_82' title='bbox 1059 1772 1260 1840; x_wconf 72' lang='lat' dir='ltr'><strong>convocatis,</strong></span> 
     </span>
     <span class='ocr_line' id='line_1_13' title="bbox 119 1867 1261 1950; baseline -0.001 -18"><span class='ocrx_word' id='word_1_83' title='bbox 119 1869 263 1933; x_wconf 75' lang='lat' dir='ltr'><strong>rolndos</strong></span> <span class='ocrx_word' id='word_1_84' title='bbox 287 1869 437 1930; x_wconf 74' lang='lat' dir='ltr'><strong>hortatus</strong></span> <span class='ocrx_word' id='word_1_85' title='bbox 461 1878 511 1930; x_wconf 90' lang='lat' dir='ltr'><strong>est</strong></span> <span class='ocrx_word' id='word_1_86' title='bbox 536 1878 571 1930; x_wconf 92' lang='lat' dir='ltr'><strong>ut</strong></span> <span class='ocrx_word' id='word_1_87' title='bbox 595 1875 631 1929; x_wconf 76' lang='lat' dir='ltr'><strong>se</strong></span> <span class='ocrx_word' id='word_1_88' title='bbox 654 1867 785 1930; x_wconf 80' lang='lat' dir='ltr'><strong>fortiter</strong></span> <span class='ocrx_word' id='word_1_89' title='bbox 806 1878 1025 1950; x_wconf 84' lang='lat' dir='ltr'><strong>sequerentur</strong></span> <span class='ocrx_word' id='word_1_90' title='bbox 1040 1878 1140 1950; x_wconf 89' lang='lat' dir='ltr'><strong>atque</strong></span> <span class='ocrx_word' id='word_1_91' title='bbox 1158 1869 1261 1932; x_wconf 82' lang='lat' dir='ltr'><strong>hostis</strong></span> 
     </span>
     <span class='ocr_line' id='line_1_14' title="bbox 158 1971 707 2034; baseline 0.002 -1"><span class='ocrx_word' id='word_1_92' title='bbox 158 1971 281 2034; x_wconf 79' lang='lat' dir='ltr'><strong>invisos</strong></span> <span class='ocrx_word' id='word_1_93' title='bbox 296 1972 338 2033; x_wconf 88' lang='lat' dir='ltr'><strong>ad</strong></span> <span class='ocrx_word' id='word_1_94' title='bbox 355 1979 457 2033; x_wconf 78' lang='lat' dir='ltr'><strong>unum</strong></span> <span class='ocrx_word' id='word_1_95' title='bbox 475 1972 707 2034; x_wconf 83' lang='lat' dir='ltr'><strong>interficerent.</strong></span> 
     </span>
    </p>

    <p class='ocr_par' dir='ltr' id='par_1_6' title="bbox 158 2075 1261 2366">
     <span class='ocr_line' id='line_1_15' title="bbox 202 2075 1259 2158; baseline 0.001 -19"><span class='ocrx_word' id='word_1_96' title='bbox 202 2077 286 2140; x_wconf 90' lang='lat' dir='ltr'><strong>Cum</strong></span> <span class='ocrx_word' id='word_1_97' title='bbox 311 2075 376 2137; x_wconf 91' lang='lat' dir='ltr'><strong>iam</strong></span> <span class='ocrx_word' id='word_1_98' title='bbox 400 2075 441 2137; x_wconf 91' lang='lat' dir='ltr'><strong>ad</strong></span> <span class='ocrx_word' id='word_1_99' title='bbox 465 2075 601 2137; x_wconf 87' lang='lat' dir='ltr'><strong>caedem</strong></span> <span class='ocrx_word' id='word_1_100' title='bbox 626 2076 813 2138; x_wconf 85' lang='lat' dir='ltr'><strong>faciendam</strong></span> <span class='ocrx_word' id='word_1_101' title='bbox 836 2076 912 2138; x_wconf 82' lang='lat' dir='ltr'><strong>lndr</strong></span> <span class='ocrx_word' id='word_1_102' title='bbox 926 2078 1038 2140; x_wconf 86' lang='lat' dir='ltr'><strong>omnia</strong></span> <span class='ocrx_word' id='word_1_103' title='bbox 1054 2076 1259 2158; x_wconf 75' lang='lat' dir='ltr'><strong>expedirent,</strong></span> 
     </span>
     <span class='ocr_line' id='line_1_16' title="bbox 159 2179 1261 2260; baseline 0.001 -18"><span class='ocrx_word' id='word_1_104' title='bbox 159 2180 329 2242; x_wconf 62' lang='lat' dir='ltr'><strong>&amp;castello</strong></span> <span class='ocrx_word' id='word_1_105' title='bbox 352 2179 495 2260; x_wconf 74' lang='lat' dir='ltr'><strong>quodam</strong></span> <span class='ocrx_word' id='word_1_106' title='bbox 519 2179 636 2241; x_wconf 89' lang='lat' dir='ltr'><strong>mulier</strong></span> <span class='ocrx_word' id='word_1_107' title='bbox 661 2180 746 2241; x_wconf 85' lang='lat' dir='ltr'><strong>forte</strong></span> <span class='ocrx_word' id='word_1_108' title='bbox 771 2187 907 2259; x_wconf 77' lang='lat' dir='ltr'><strong>egressa</strong></span> <span class='ocrx_word' id='word_1_109' title='bbox 930 2180 1088 2242; x_wconf 76' lang='lat' dir='ltr'><strong>barbaros</strong></span> <span class='ocrx_word' id='word_1_110' title='bbox 1107 2181 1138 2243; x_wconf 89' lang='lat' dir='ltr'><strong>in</strong></span> <span class='ocrx_word' id='word_1_111' title='bbox 1156 2181 1261 2244; x_wconf 86' lang='lat' dir='ltr'><strong>taber·</strong></span> 
     </span>
     <span class='ocr_line' id='line_1_17' title="bbox 158 2283 1261 2366; baseline 0.003 -22"><span class='ocrx_word' id='word_1_112' title='bbox 158 2284 284 2346; x_wconf 71' lang='lat' dir='ltr'><strong>naculis</strong></span> <span class='ocrx_word' id='word_1_113' title='bbox 296 2303 387 2344; x_wconf 87' lang='lat' dir='ltr'><strong>arma</strong></span> <span class='ocrx_word' id='word_1_114' title='bbox 401 2289 518 2363; x_wconf 70' lang='lat' dir='ltr'><strong>parare</strong></span> <span class='ocrx_word' id='word_1_115' title='bbox 530 2283 772 2345; x_wconf 85' lang='lat' dir='ltr'><strong>animadvertit.</strong></span> <span class='ocrx_word' id='word_1_116' title='bbox 821 2283 896 2364; x_wconf 74' lang='lat' dir='ltr'><strong>Qua</strong></span> <span class='ocrx_word' id='word_1_117' title='bbox 909 2291 945 2346; x_wconf 74' lang='lat' dir='ltr'><strong>re</strong></span> <span class='ocrx_word' id='word_1_118' title='bbox 957 2284 1116 2359; x_wconf 72' lang='lat' dir='ltr'><strong>nuntiata,</strong></span> <span class='ocrx_word' id='word_1_119' title='bbox 1131 2285 1261 2366; x_wconf 70' lang='lat' dir='ltr'><strong>legatus</strong></span> 
     </span>
    </p>

    <p class='ocr_par' dir='ltr' id='par_1_7' title="bbox 119 2386 1260 2879">
     <span class='ocr_line' id='line_1_18' title="bbox 119 2386 1260 2468; baseline 0.005 -23"><span class='ocrx_word' id='word_1_120' title='bbox 119 2407 147 2461; x_wconf 86' lang='lat'><strong>¹5</strong></span> <span class='ocrx_word' id='word_1_121' title='bbox 159 2386 378 2460; x_wconf 83' lang='lat' dir='ltr'><strong>Britannicus,</strong></span> <span class='ocrx_word' id='word_1_122' title='bbox 397 2395 453 2468; x_wconf 79' lang='lat' dir='ltr'><strong>qui</strong></span> <span class='ocrx_word' id='word_1_123' title='bbox 468 2386 512 2447; x_wconf 92' lang='lat' dir='ltr'><strong>ibi</strong></span> <span class='ocrx_word' id='word_1_124' title='bbox 538 2398 698 2466; x_wconf 82' lang='lat' dir='ltr'><strong>praeerat,</strong></span> <span class='ocrx_word' id='word_1_125' title='bbox 717 2387 798 2448; x_wconf 89' lang='lat' dir='ltr'><strong>nihil</strong></span> <span class='ocrx_word' id='word_1_126' title='bbox 821 2396 934 2450; x_wconf 88' lang='lat' dir='ltr'><strong>tamen</strong></span> <span class='ocrx_word' id='word_1_127' title='bbox 950 2388 1136 2463; x_wconf 73' lang='lat' dir='ltr'><strong>verebatur,</strong></span> <span class='ocrx_word' id='word_1_128' title='bbox 1154 2389 1260 2451; x_wconf 75' lang='lat' dir='ltr'><strong>donec</strong></span> 
     </span>
     <span class='ocr_line' id='line_1_19' title="bbox 159 2489 1258 2571; baseline 0.004 -21"><span class='ocrx_word' id='word_1_129' title='bbox 159 2490 269 2570; x_wconf 90' lang='lat' dir='ltr'><strong>puella</strong></span> <span class='ocrx_word' id='word_1_130' title='bbox 287 2489 380 2563; x_wconf 88' lang='lat' dir='ltr'><strong>Inda,</strong></span> <span class='ocrx_word' id='word_1_131' title='bbox 398 2510 484 2571; x_wconf 87' lang='lat' dir='ltr'><strong>quae</strong></span> <span class='ocrx_word' id='word_1_132' title='bbox 508 2510 583 2552; x_wconf 90' lang='lat' dir='ltr'><strong>eum</strong></span> <span class='ocrx_word' id='word_1_133' title='bbox 608 2490 749 2563; x_wconf 74' lang='lat' dir='ltr'><strong>amabat,</strong></span> <span class='ocrx_word' id='word_1_134' title='bbox 768 2492 942 2553; x_wconf 90' lang='lat' dir='ltr'><strong>castellum</strong></span> <span class='ocrx_word' id='word_1_135' title='bbox 966 2501 1094 2553; x_wconf 87' lang='lat' dir='ltr'><strong>maesta</strong></span> <span class='ocrx_word' id='word_1_136' title='bbox 1116 2491 1258 2565; x_wconf 70' lang='lat' dir='ltr'><strong>intravit,</strong></span> 
     </span>
     <span class='ocr_line' id='line_1_20' title="bbox 158 2592 1260 2674; baseline 0.002 -18"><span class='ocrx_word' id='word_1_137' title='bbox 158 2592 399 2674; x_wconf 75' lang='lat' dir='ltr'><strong>consiliumque</strong></span> <span class='ocrx_word' id='word_1_138' title='bbox 425 2602 527 2655; x_wconf 78' lang='lat' dir='ltr'><strong>totum</strong></span> <span class='ocrx_word' id='word_1_139' title='bbox 554 2594 713 2655; x_wconf 79' lang='lat' dir='ltr'><strong>Indorum</strong></span> <span class='ocrx_word' id='word_1_140' title='bbox 737 2593 891 2657; x_wconf 89' lang='lat' dir='ltr'><strong>ostendit.</strong></span> <span class='ocrx_word' id='word_1_141' title='bbox 938 2595 1025 2657; x_wconf 87' lang='lat' dir='ltr'><strong>Tum</strong></span> <span class='ocrx_word' id='word_1_142' title='bbox 1045 2602 1124 2657; x_wconf 73' lang='lat' dir='ltr'><strong>vero</strong></span> <span class='ocrx_word' id='word_1_143' title='bbox 1147 2595 1260 2658; x_wconf 88' lang='lat' dir='ltr'><strong>castel-</strong></span> 
     </span>
     <span class='ocr_line' id='line_1_21' title="bbox 158 2696 1258 2774; baseline 0.003 -15"><span class='ocrx_word' id='word_1_144' title='bbox 158 2697 225 2759; x_wconf 90' lang='lat' dir='ltr'><strong>lum</strong></span> <span class='ocrx_word' id='word_1_145' title='bbox 250 2698 408 2759; x_wconf 77' lang='lat' dir='ltr'><strong>custodiis</strong></span> <span class='ocrx_word' id='word_1_146' title='bbox 432 2696 611 2759; x_wconf 78' lang='lat' dir='ltr'><strong>maioribus</strong></span> <span class='ocrx_word' id='word_1_147' title='bbox 635 2698 804 2759; x_wconf 73' lang='lat' dir='ltr'><strong>firmatum</strong></span> <span class='ocrx_word' id='word_1_148' title='bbox 828 2708 887 2772; x_wconf 89' lang='lat' dir='ltr'><strong>est,</strong></span> <span class='ocrx_word' id='word_1_149' title='bbox 908 2719 969 2761; x_wconf 89' lang='lat' dir='ltr'><strong>nee</strong></span> <span class='ocrx_word' id='word_1_150' title='bbox 993 2699 1090 2761; x_wconf 88' lang='lat' dir='ltr'><strong>nimis</strong></span> <span class='ocrx_word' id='word_1_151' title='bbox 1112 2707 1258 2774; x_wconf 51' lang='lat' dir='ltr'><strong>matur&amp;</strong></span> 
     </span>
     <span class='ocr_line' id='line_1_22' title="bbox 158 2797 1260 2879; baseline 0.003 -20"><span class='ocrx_word' id='word_1_152' title='bbox 158 2817 234 2859; x_wconf 86' lang='lat' dir='ltr'><strong>nam</strong></span> <span class='ocrx_word' id='word_1_153' title='bbox 260 2803 393 2877; x_wconf 70' lang='lat' dir='ltr'><strong>postera</strong></span> <span class='ocrx_word' id='word_1_154' title='bbox 417 2806 514 2859; x_wconf 88' lang='lat' dir='ltr'><strong>nocte</strong></span> <span class='ocrx_word' id='word_1_155' title='bbox 537 2798 653 2879; x_wconf 90' lang='lat' dir='ltr'><strong>procul</strong></span> <span class='ocrx_word' id='word_1_156' title='bbox 676 2797 709 2858; x_wconf 91' lang='lat' dir='ltr'><strong>in</strong></span> <span class='ocrx_word' id='word_1_157' title='bbox 734 2797 824 2860; x_wconf 83' lang='lat' dir='ltr'><strong>silvis</strong></span> <span class='ocrx_word' id='word_1_158' title='bbox 848 2798 954 2860; x_wconf 77' lang='lat' dir='ltr'><strong>audiri</strong></span> <span class='ocrx_word' id='word_1_159' title='bbox 985 2808 1116 2879; x_wconf 89' lang='lat' dir='ltr'><strong>poterat</strong></span> <span class='ocrx_word' id='word_1_160' title='bbox 1141 2809 1260 2863; x_wconf 90' lang='lat' dir='ltr'><strong>cantus</strong></span> 
     </span>
    </p>
   </div>
   <div class='ocr_carea' id='block_1_6' title="bbox 157 2962 1259 3837">
    <p class='ocr_par' dir='ltr' id='par_1_8' title="bbox 157 2962 1259 3837">
     <span class='ocr_line' id='line_1_23' title="bbox 213 2962 1048 3034; baseline 0.001 -21"><span class='ocrx_word' id='word_1_161' title='bbox 213 2976 234 3014; x_wconf 93' lang='lat'><strong>1.</strong></span> <span class='ocrx_word' id='word_1_162' title='bbox 260 2963 385 3014; x_wconf 70' lang='lat' dir='ltr'><strong>demisit:</strong></span> <span class='ocrx_word' id='word_1_163' title='bbox 439 2969 488 3016; x_wconf 91' lang='lat' dir='ltr'><strong>not</strong></span> <span class='ocrx_word' id='word_1_164' title='bbox 524 2963 683 3015; x_wconf 76' lang='lat' dir='ltr'><strong>dimisit-</strong></span> <span class='ocrx_word' id='word_1_165' title='bbox 796 2980 822 3026; x_wconf 81' lang='lat'><strong>9.</strong></span> <span class='ocrx_word' id='word_1_166' title='bbox 848 2977 943 3028; x_wconf 82' lang='lat' dir='ltr'><strong>posse:</strong></span> <span class='ocrx_word' id='word_1_167' title='bbox 963 2962 1048 3034; x_wconf 74' lang='lat' dir='ltr'><strong>could.</strong></span> 
     </span>
     <span class='ocr_line' id='line_1_24' title="bbox 158 3041 978 3108; baseline 0.002 -14"><span class='ocrx_word' id='word_1_168' title='bbox 158 3043 238 3107; x_wconf 86' lang='lat' dir='ltr'><strong>quid:</strong></span> <span class='ocrx_word' id='word_1_169' title='bbox 258 3045 271 3094; x_wconf 86' lang='lat' dir='ltr'><strong>i</strong></span> <span class='ocrx_word' id='word_1_170' title='bbox 281 3059 303 3095; x_wconf 79' lang='lat' dir='ltr'><strong>e.</strong></span> <span class='ocrx_word' id='word_1_171' title='bbox 323 3045 439 3108; x_wconf 74' lang='lat' dir='ltr'><strong>aliquid.</strong></span> <span class='ocrx_word' id='word_1_172' title='bbox 483 3041 562 3096; x_wconf 84' lang='lat' dir='ltr'><strong>After</strong></span> <span class='ocrx_word' id='word_1_173' title='bbox 576 3047 609 3094; x_wconf 67' lang='lat' dir='ltr'><strong>ne</strong></span> <span class='ocrx_word' id='word_1_174' title='bbox 628 3041 683 3095; x_wconf 91' lang='lat' dir='ltr'><strong>and</strong></span> <span class='ocrx_word' id='word_1_175' title='bbox 780 3062 821 3096; x_wconf 75' lang='grc' dir='ltr'><strong>ιο.</strong></span> <span class='ocrx_word' id='word_1_176' title='bbox 847 3048 891 3096; x_wconf 72' lang='lat' dir='ltr'><strong>se:</strong></span> <span class='ocrx_word' id='word_1_177' title='bbox 911 3044 978 3096; x_wconf 68' lang='lat' dir='ltr'><strong>irin.</strong></span> 
     </span>
     <span class='ocr_line' id='line_1_25' title="bbox 158 3122 1216 3190; baseline 0 -15"><span class='ocrx_word' id='word_1_178' title='bbox 158 3126 191 3189; x_wconf 81' lang='lat' dir='ltr'><strong>si,</strong></span> <span class='ocrx_word' id='word_1_179' title='bbox 205 3122 251 3176; x_wconf 84' lang='lat' dir='ltr'><strong>the</strong></span> <span class='ocrx_word' id='word_1_180' title='bbox 264 3123 341 3176; x_wconf 85' lang='lat' dir='ltr'><strong>short</strong></span> <span class='ocrx_word' id='word_1_181' title='bbox 354 3123 437 3177; x_wconf 85' lang='lat' dir='ltr'><strong>forms</strong></span> <span class='ocrx_word' id='word_1_182' title='bbox 452 3124 523 3190; x_wconf 85' lang='lat' dir='ltr'><strong>quis,</strong></span> <span class='ocrx_word' id='word_1_183' title='bbox 532 3125 606 3189; x_wconf 86' lang='lat' dir='ltr'><strong>quid,</strong></span> <span class='ocrx_word' id='word_1_184' title='bbox 620 3133 682 3187; x_wconf 74' lang='lat' dir='ltr'><strong>eto,</strong></span> <span class='ocrx_word' id='word_1_185' title='bbox 780 3144 819 3187; x_wconf 91' lang='lat'><strong>14.</strong></span> <span class='ocrx_word' id='word_1_186' title='bbox 847 3129 900 3190; x_wconf 75' lang='lat' dir='ltr'><strong>qui</strong></span> <span class='ocrx_word' id='word_1_187' title='bbox 912 3129 954 3176; x_wconf 67' lang='lat'><strong>15:</strong></span> <span class='ocrx_word' id='word_1_188' title='bbox 973 3125 1216 3178; x_wconf 78' lang='lat' dir='ltr'><strong>tiisobservation.</strong></span> 
     </span>
     <span class='ocr_line' id='line_1_26' title="bbox 157 3203 1259 3275; baseline 0.001 -19"><span class='ocrx_word' id='word_1_189' title='bbox 157 3219 204 3257; x_wconf 84' lang='lat' dir='ltr'><strong>are</strong></span> <span class='ocrx_word' id='word_1_190' title='bbox 216 3204 350 3274; x_wconf 87' lang='lat' dir='ltr'><strong>regularly</strong></span> <span class='ocrx_word' id='word_1_191' title='bbox 363 3203 439 3257; x_wconf 89' lang='lat' dir='ltr'><strong>used.</strong></span> <span class='ocrx_word' id='word_1_192' title='bbox 780 3222 819 3269; x_wconf 85' lang='lat'><strong>15.</strong></span> <span class='ocrx_word' id='word_1_193' title='bbox 846 3207 915 3257; x_wconf 88' lang='lat' dir='ltr'><strong>nihil</strong></span> <span class='ocrx_word' id='word_1_194' title='bbox 931 3243 937 3255; x_wconf 94' lang='lat'>.</span> <span class='ocrx_word' id='word_1_195' title='bbox 953 3243 960 3257; x_wconf 90' lang='lat'><strong>.</strong></span> <span class='ocrx_word' id='word_1_196' title='bbox 977 3243 983 3256; x_wconf 93' lang='lat'><strong>.</strong></span> <span class='ocrx_word' id='word_1_197' title='bbox 999 3208 1156 3257; x_wconf 70' lang='lat' dir='ltr'><strong>verebatur:</strong></span> <span class='ocrx_word' id='word_1_198' title='bbox 1166 3204 1259 3275; x_wconf 83' lang='lat' dir='ltr'><strong>freely,</strong></span> 
     </span>
     <span class='ocr_line' id='line_1_27' title="bbox 210 3281 1135 3358; baseline 0.003 -23"><span class='ocrx_word' id='word_1_199' title='bbox 210 3301 235 3347; x_wconf 79' lang='lat'><strong>3.</strong></span> <span class='ocrx_word' id='word_1_200' title='bbox 262 3285 375 3337; x_wconf 83' lang='lat' dir='ltr'><strong>dicitur:</strong></span> <span class='ocrx_word' id='word_1_201' title='bbox 404 3281 437 3338; x_wconf 87' lang='lat' dir='ltr'><strong>cf.</strong></span> <span class='ocrx_word' id='word_1_202' title='bbox 451 3286 584 3349; x_wconf 84' lang='lat' dir='ltr'><strong>dicuntur,</strong></span> <span class='ocrx_word' id='word_1_203' title='bbox 596 3302 624 3354; x_wconf 89' lang='lat' dir='ltr'><strong>p.</strong></span> <span class='ocrx_word' id='word_1_204' title='bbox 641 3299 681 3355; x_wconf 79' lang='lat'><strong>55,</strong></span> <span class='ocrx_word' id='word_1_205' title='bbox 727 3287 783 3358; x_wconf 78' lang='lat' dir='ltr'><strong>fell</strong></span> <span class='ocrx_word' id='word_1_206' title='bbox 795 3302 971 3351; x_wconf 79' lang='lat' dir='ltr'><strong>noconccrn3</strong></span> <span class='ocrx_word' id='word_1_207' title='bbox 990 3285 1030 3338; x_wconf 85' lang='lat' dir='ltr'><strong>lit.</strong></span> <span class='ocrx_word' id='word_1_208' title='bbox 1045 3285 1135 3338; x_wconf 86' lang='lat' dir='ltr'><strong>what?</strong></span> 
     </span>
     <span class='ocr_line' id='line_1_28' title="bbox 157 3361 1258 3432; baseline 0 -14"><span class='ocrx_word' id='word_1_209' title='bbox 157 3361 217 3432; x_wconf 87' lang='lat' dir='ltr'><strong>l.7.</strong></span> <span class='ocrx_word' id='word_1_210' title='bbox 779 3375 819 3420; x_wconf 85' lang='lat'><strong>18.</strong></span> <span class='ocrx_word' id='word_1_211' title='bbox 846 3368 943 3418; x_wconf 85' lang='lat' dir='ltr'><strong>nimis:</strong></span> <span class='ocrx_word' id='word_1_212' title='bbox 987 3365 1061 3428; x_wconf 67' lang='lat' dir='ltr'><strong>adv„</strong></span> <span class='ocrx_word' id='word_1_213' title='bbox 1094 3371 1145 3418; x_wconf 84' lang='lat' dir='ltr'><strong>too.</strong></span> <span class='ocrx_word' id='word_1_214' title='bbox 1196 3366 1258 3418; x_wconf 85' lang='lat' dir='ltr'><strong>The</strong></span> 
     </span>
     <span class='ocr_line' id='line_1_29' title="bbox 209 3444 1257 3515; baseline 0.002 -18"><span class='ocrx_word' id='word_1_215' title='bbox 209 3463 236 3510; x_wconf 80' lang='lat'><strong>4.</strong></span> <span class='ocrx_word' id='word_1_216' title='bbox 262 3448 371 3511; x_wconf 81' lang='lat' dir='ltr'><strong>bellum,</strong></span> <span class='ocrx_word' id='word_1_217' title='bbox 384 3446 461 3510; x_wconf 83' lang='lat' dir='ltr'><strong>quod.</strong></span> <span class='ocrx_word' id='word_1_218' title='bbox 476 3455 544 3499; x_wconf 76' lang='lat' dir='ltr'><strong>eto:</strong></span> <span class='ocrx_word' id='word_1_219' title='bbox 567 3445 682 3512; x_wconf 77' lang='lat' dir='ltr'><strong>namdy,</strong></span> <span class='ocrx_word' id='word_1_220' title='bbox 733 3446 822 3500; x_wconf 88' lang='lat' dir='ltr'><strong>whole</strong></span> <span class='ocrx_word' id='word_1_221' title='bbox 848 3446 947 3515; x_wconf 85' lang='lat' dir='ltr'><strong>phrase</strong></span> <span class='ocrx_word' id='word_1_222' title='bbox 976 3463 1037 3514; x_wconf 76' lang='lat' dir='ltr'><strong>may</strong></span> <span class='ocrx_word' id='word_1_223' title='bbox 1061 3445 1096 3499; x_wconf 91' lang='lat' dir='ltr'><strong>be</strong></span> <span class='ocrx_word' id='word_1_224' title='bbox 1124 3444 1257 3500; x_wconf 87' lang='lat' dir='ltr'><strong>rendered</strong></span> 
     </span>
     <span class='ocr_line' id='line_1_30' title="bbox 158 3523 1131 3597; baseline -0.001 -20"><span class='ocrx_word' id='word_1_225' title='bbox 158 3523 204 3578; x_wconf 88' lang='lat' dir='ltr'><strong>the</strong></span> <span class='ocrx_word' id='word_1_226' title='bbox 218 3525 323 3580; x_wconf 79' lang='lat' dir='ltr'><strong>French</strong></span> <span class='ocrx_word' id='word_1_227' title='bbox 337 3526 392 3579; x_wconf 87' lang='lat' dir='ltr'><strong>and</strong></span> <span class='ocrx_word' id='word_1_228' title='bbox 407 3528 505 3579; x_wconf 87' lang='lat' dir='ltr'><strong>Indian</strong></span> <span class='ocrx_word' id='word_1_229' title='bbox 519 3527 593 3578; x_wconf 90' lang='lat' dir='ltr'><strong>War.</strong></span> <span class='ocrx_word' id='word_1_230' title='bbox 734 3525 817 3597; x_wconf 83' lang='lat' dir='ltr'><strong>freely</strong></span> <span class='ocrx_word' id='word_1_231' title='bbox 835 3529 897 3579; x_wconf 72' lang='lat' dir='ltr'><strong>and</strong></span> <span class='ocrx_word' id='word_1_232' title='bbox 913 3544 982 3579; x_wconf 81' lang='lat' dir='ltr'><strong>none</strong></span> <span class='ocrx_word' id='word_1_233' title='bbox 999 3536 1042 3578; x_wconf 73' lang='lat' dir='ltr'><strong>rao</strong></span> <span class='ocrx_word' id='word_1_234' title='bbox 1059 3543 1131 3579; x_wconf 83' lang='lat' dir='ltr'><strong>soon.</strong></span> 
     </span>
     <span class='ocr_line' id='line_1_31' title="bbox 210 3605 1257 3675; baseline 0.001 -18"><span class='ocrx_word' id='word_1_235' title='bbox 210 3614 235 3658; x_wconf 87' lang='lat'><strong>8.</strong></span> <span class='ocrx_word' id='word_1_236' title='bbox 262 3608 393 3671; x_wconf 76' lang='lat' dir='ltr'><strong>recipere:</strong></span> <span class='ocrx_word' id='word_1_237' title='bbox 430 3606 624 3675; x_wconf 88' lang='lat' dir='ltr'><strong>aoompound</strong></span> <span class='ocrx_word' id='word_1_238' title='bbox 647 3611 674 3660; x_wconf 87' lang='lat' dir='ltr'><strong>ot</strong></span> <span class='ocrx_word' id='word_1_239' title='bbox 779 3625 819 3664; x_wconf 80' lang='lat' dir='ltr'><strong>ro.</strong></span> <span class='ocrx_word' id='word_1_240' title='bbox 846 3610 948 3659; x_wconf 79' lang='lat' dir='ltr'><strong>audiri:</strong></span> <span class='ocrx_word' id='word_1_241' title='bbox 971 3616 1034 3658; x_wconf 87' lang='lat' dir='ltr'><strong>note</strong></span> <span class='ocrx_word' id='word_1_242' title='bbox 1049 3605 1095 3658; x_wconf 87' lang='lat' dir='ltr'><strong>the</strong></span> <span class='ocrx_word' id='word_1_243' title='bbox 1111 3606 1164 3658; x_wconf 88' lang='lat' dir='ltr'><strong>last</strong></span> <span class='ocrx_word' id='word_1_244' title='bbox 1180 3605 1257 3660; x_wconf 87' lang='lat' dir='ltr'><strong>letter</strong></span> 
     </span>
     <span class='ocr_line' id='line_1_32' title="bbox 157 3684 1254 3757; baseline 0 -21"><span class='ocrx_word' id='word_1_245' title='bbox 157 3689 243 3743; x_wconf 61' lang='lat' dir='ltr'><strong>canit.</strong></span> <span class='ocrx_word' id='word_1_246' title='bbox 294 3686 363 3739; x_wconf 90' lang='lat' dir='ltr'><strong>This</strong></span> <span class='ocrx_word' id='word_1_247' title='bbox 389 3685 445 3739; x_wconf 86' lang='lat' dir='ltr'><strong>and</strong></span> <span class='ocrx_word' id='word_1_248' title='bbox 471 3686 517 3739; x_wconf 87' lang='lat' dir='ltr'><strong>the</strong></span> <span class='ocrx_word' id='word_1_249' title='bbox 543 3684 682 3757; x_wconf 83' lang='lat' dir='ltr'><strong>following</strong></span> <span class='ocrx_word' id='word_1_250' title='bbox 733 3690 760 3740; x_wconf 84' lang='lat' dir='ltr'><strong>ol</strong></span> <span class='ocrx_word' id='word_1_251' title='bbox 786 3691 832 3740; x_wconf 85' lang='lat' dir='ltr'><strong>the</strong></span> <span class='ocrx_word' id='word_1_252' title='bbox 856 3687 1103 3741; x_wconf 55' lang='lat' dir='ltr'><strong>»loramentum</strong></span> <span class='ocrx_word' id='word_1_253' title='bbox 1131 3690 1164 3739; x_wconf 88' lang='lat' dir='ltr'><strong>cl.</strong></span> <span class='ocrx_word' id='word_1_254' title='bbox 1190 3704 1214 3748; x_wconf 84' lang='lat' dir='ltr'><strong>p.</strong></span> <span class='ocrx_word' id='word_1_255' title='bbox 1235 3703 1254 3739; x_wconf 74' lang='lat' dir='ltr'><strong>r.</strong></span> 
     </span>
     <span class='ocr_line' id='line_1_33' title="bbox 158 3767 793 3837; baseline -0.002 -19"><span class='ocrx_word' id='word_1_256' title='bbox 158 3768 233 3819; x_wconf 81' lang='lat' dir='ltr'><strong>rnfin.</strong></span> <span class='ocrx_word' id='word_1_257' title='bbox 249 3768 358 3837; x_wconf 85' lang='lat' dir='ltr'><strong>depend</strong></span> <span class='ocrx_word' id='word_1_258' title='bbox 371 3784 408 3820; x_wconf 89' lang='lat' dir='ltr'><strong>on</strong></span> <span class='ocrx_word' id='word_1_259' title='bbox 421 3780 509 3831; x_wconf 85' lang='lat' dir='ltr'><strong>posse,</strong></span> <span class='ocrx_word' id='word_1_260' title='bbox 523 3767 531 3818; x_wconf 93' lang='lat' dir='ltr'><strong>l</strong></span> <span class='ocrx_word' id='word_1_261' title='bbox 555 3782 578 3830; x_wconf 78' lang='lat' dir='ltr'><strong>o.</strong></span> <span class='ocrx_word' id='word_1_262' title='bbox 734 3775 752 3818; x_wconf 85' lang='lat' dir='ltr'><strong>t.</strong></span> <span class='ocrx_word' id='word_1_263' title='bbox 767 3781 793 3819; x_wconf 81' lang='lat'><strong>2.</strong></span> 
     </span>
    </p>
   </div>
   <div class='ocr_carea' id='block_1_7' title="bbox 0 0 1354 4186">
    <p class='ocr_par' dir='ltr' id='par_1_9' title="bbox 0 0 1354 4186">
     <span class='ocr_line' id='line_1_34' title="bbox 0 0 1354 4186; baseline 0 1"><span class='ocrx_word' id='word_1_264' title='bbox 0 0 1354 4186; x_wconf 95' lang='lat' dir='ltr'><strong> </strong></span> 
     </span>
    </p>
   </div>
  </div>
 </body>
</html>
