2700 4186
176 263 217 325 94
503 246 616 301 FIRST
642 247 763 302 LATIN
791 245 955 302 READER

177 425 426 502 custodiebant;
452 425 605 508 equibus
623 433 707 499 octo,
725 425 781 487 ubi
798 425 840 488 ad
857 426 984 488 fontem
1005 437 1204 508 perventum
1220 436 1283 501 est,

176 536 276 591 armis
293 529 355 591 sub
372 528 544 592 arboribus
560 531 692 604 relictis
710 550 831 610 aquarn
855 530 987 593 haurire
1007 537 1283 612 properaverunt.

176 634 263 695 Tum
282 634 399 714 Iasper
411 633 548 715 eiusque
561 643 687 695 amicus
701 640 881 714 erfiperunt
894 641 912 696 ἐ
925 633 1069 710 latebris,
1083 635 1285 716 duobusque

177 737 370 800 custodibus
401 746 518 800 occisis
550 738 669 800 milites
700 745 827 806 ceteros
860 746 896 800 se
926 739 1048 801 dedere
1078 745 1284 819 coegerunt:

152 842 297 912 sdeinde
314 862 389 903 cum
407 849 546 922 captivis
570 841 771 905 Britannicis
794 852 894 924 atque
918 843 1054 917 civibus,
1073 850 1157 925 quos
1174 850 1286 905 serva-

177 958 303 1018 verant,
321 947 499 1008 confestim
515 946 557 1008 ad
575 956 683 1008 castra
699 946 903 1008 Americana
920 954 956 1008 se
969 948 1190 1008 contulerunt.

223 1050 325 1112 Haud
342 1071 475 1131 semper
490 1060 601 1112 autem
617 1050 754 1131 Iaspero
770 1057 822 1112 res
840 1060 905 1112 tarn
925 1051 1064 1112 feliciter
1081 1056 1284 1127 evenerunt;

178 1163 293 1235 paucis
312 1153 399 1216 enim
425 1165 501 1234 post
524 1163 620 1215 annis
644 1153 841 1216 interfectus
861 1165 921 1227 est,
939 1173 1014 1215 cum
1038 1160 1168 1215 summa
1184 1155 1285 1216 auda·

178 1259 228 1320 cia
245 1259 507 1338 procucurrisset
527 1278 567 1320 ex
589 1257 659 1320 acie
676 1268 777 1339 atque
798 1259 832 1319 in
857 1258 1001 1320 hostium
1020 1256 1108 1320 vallo
1123 1257 1284 1320 vexillum

138 1361 350 1424 nodefrxisset
365 1360 616 1425 Americanum.

599 1651 784 1716 LESSON
817 1667 859 1733 79

577 1818 725 1881 Andrew
737 1817 883 1896 jackson

223 1982 322 2045 Nunc
335 1982 415 2044 mihi
427 2002 534 2063 pauca
547 1982 688 2044 dicenda
701 1990 780 2044 sunt
796 1983 837 2043 de
852 1981 952 2044 rebus
969 1991 1072 2062 gestis
1085 1982 1284 2047 Americani

176 2087 359 2159 cuiusdam,
386 2087 518 2148 nomine
546 2087 703 2159 Iacsonis
730 2093 787 2166 qui
817 2085 959 2148 obscfiro
990 2086 1062 2148 loco
1094 2093 1202 2160 natus,
1227 2108 1279 2168 po·

177 2197 301 2251 stremf)
317 2196 364 2251 rei
376 2189 529 2269 pi’rblicae
542 2198 699 2270 princeps
713 2189 822 2251 factus
835 2199 894 2252 est.
944 2189 1013 2270 Qui
1025 2189 1134 2251 adhirc
1149 2210 1233 2269 puer
1249 2191 1283 2252 in

177 2292 273 2368 bello,
294 2294 382 2374 quod
407 2301 548 2373 primum
576 2293 826 2355 Britannicum
849 2292 1061 2355 Americanis
1093 2300 1283 2372 gesserunt,

138 2416 165 2468 15
177 2397 307 2459 fortiter
337 2404 496 2472 versatus,
514 2404 582 2458 sina
609 2417 684 2459 curn
712 2396 816 2458 fratre
843 2394 886 2457 ab
914 2396 1065 2458 hostibus
1093 2408 1223 2476 captus,
1250 2399 1285 2459 in

177 2521 309 2563 carcere
331 2500 446 2562 morbo
463 2507 557 2580 gravi
575 2501 718 2563 affectus
739 2509 799 2564 est.
848 2501 959 2562 Mater
981 2511 1090 2561 autern
1111 2503 1201 2561 brevi
1217 2501 1285 2563 effi-

177 2624 252 2667 cere
268 2604 376 2685 potuit
391 2614 427 2665 ut
443 2604 505 2666 filii
521 2604 620 2667 ambo
642 2623 718 2666 cum
741 2610 882 2683 captivis
908 2604 1077 2666 Britannis
1102 2610 1285 2667 committa·

176 2719 298 2770 rentur.
1124 2716 1126 2720 ’

222 2812 337 2875 Multis
354 2822 430 2894 post
445 2819 551 2887 annis,
568 2832 644 2874 cum
668 2812 820 2875 Britanni
840 2811 959 2874 iterum
975 2832 1051 2874 cum
1069 2810 1286 2877 Americanis

239 2995 261 3030 1.
287 2978 399 3043 quibus:
437 2980 483 3030 tle,
516 2978 727 3029 militibus.-·
800 2995 839 3041 1³·
866 2980 969 3030 adhoc:
1001 2976 1109 3043 (while)
1134 2977 1286 3030 stt'll.-in

175 3060 226 3110 ad:
246 3074 326 3111 near.
753 3059 832 3123 bello,
846 3061 915 3123 quod
933 3061 1065 3124 primum:
1080 3074 1121 3109 ae.
1144 3059 1174 3109 in
1195 3064 1287 3124 pnmb

238 3155 262 3189 2.
289 3141 409 3191 haurire:
441 3141 542 3205 haurio,
566 3152 592 3204 4,
614 3140 703 3205 hausi,
754 3141 833 3200 bello,
848 3140 927 3204 quod.

177 3220 299 3284 haustus,
312 3219 403 3272 draw.
801 3225 838 3270 16.
864 3219 990 3271 efficere.
1013 3256 1020 3271 .
1042 3257 1049 3271 .
1069 3221 1115 3270 ut:
1132 3215 1227 3289 freely‚
1236 3237 1287 3272 ar·

237 3315 261 3361 3.
286 3300 401 3351 duobus:
421 3305 467 3352 tsre
478 3308 542 3352 two.
755 3316 842 3367 range
853 3299 932 3365 that3
950 3298 991 3353 lit.
1006 3297 1097 3351 what?

238 3395 262 3443 7.
289 3381 403 3445 Iaspero,
418 3388 488 3433 etc:
510 3378 543 3433 cf.
563 3379 611 3434 the
628 3378 703 3433 simi·
802 3396 840 3443 17.
868 3383 1000 3445 captivis:
1021 3378 1152 3432 translate
1172 3395 1205 3432 as
1226 3378 1283 3450 adj.

176 3469 217 3514 tar
227 3459 336 3529 phrase,
351 3477 376 3529 p.
390 3475 433 3528 43,
447 3461 464 3512 l.
484 3459 523 3512 16.
757 3463 1036 3513 -commr'rtarenturz
1057 3463 1199 3522 committo,
1211 3474 1286 3525 μετ-

235 3546 259 3591 8.
286 3555 362 3592 curn:
383 3539 568 3607 conjunction.
752 3541 872 3608 change3
897 3539 925 3592 in
947 3538 1112 3593 connection
1137 3538 1203 3591 with
1228 3539 1285 3593 this

237 3637 263 3684 9.
277 3622 435 3672 vexillum:
457 3619 491 3674 cf.
506 3639 533 3689 p.
548 3637 591 3689 93,
604 3620 623 3673 l.
641 3636 681 3674 11.
752 3618 827 3684 verb,
840 3635 900 3672 cum
913 3637 975 3688 may
987 3618 1023 3672 be
1036 3617 1170 3673 rendered
1187 3623 1205 3651 ‘⁶
1214 3618 1285 3673 for.''

220 3717 261 3752 12.
288 3703 359 3752 loch:
379 3702 501 3763 statzbm
526 3700 567 3754 for
591 3709 700 3770 syntax,
798 3718 837 3763 19.
864 3702 977 3751 iterum:
996 3699 1043 3751 tlt.
1063 3697 1133 3752 from
1152 3698 1200 3752 the
1219 3716 1283 3770 year

175 3779 210 3836 cf.
226 3781 273 3834 the
287 3791 351 3833 note
365 3797 402 3833 on
414 3797 443 3850 p.
458 3794 483 3846 7,
495 3779 513 3833 1.
524 3794 551 3845 4.
753 3780 818 3833 1812
833 3796 881 3833 on.
