2700 4186
463 232 578 289 FIRST
604 232 727 291 LATIN
753 232 916 290 READER

465 421 471 433 ’
548 454 733 520 nasson
769 453 830 518 106

498 639 531 703 T
526 640 566 702 lte
586 639 717 720 Enemy
738 638 884 703 Prevail

180 801 375 866 Accedebat
387 811 424 865 ut
440 801 559 863 milites
577 803 672 864 multi
687 801 729 864 ab
753 809 856 886 siguis
876 802 1087 865 discederent
1104 810 1139 865 et
1154 801 1254 864 bona*

137 925 198 967 sua
213 907 383 968 serissima
399 906 441 967 ab
463 905 710 986 impedimentis
733 905 878 987 arripere
895 912 1116 970 cenerentur:
1141 912 1242 968 ceteri

136 1018 257 1082 autem,
275 1029 477 1091 quamquam
501 1015 521 1070 ai
544 1010 693 1071 Fortuna
713 1008 961 1084 deserebantur,
978 1018 1091 1070 tamen
1107 1027 1242 1070 omnem

137 1133 231 1194 spem
243 1112 358 1176 saletis
371 1114 405 1175 in
417 1113 539 1174 virtete
551 1113 731 1193 periebant,
743 1122 777 1175 et
789 1114 943 1195 quotiens
956 1131 1108 1194 quaeque
1121 1100 1243 1174 cohors

116 1238 125 1288 5
138 1223 359 1297 precurreret,
374 1218 415 1278 ab
428 1223 468 1278 ee
480 1227 575 1297 parte
592 1237 735 1297 magnus
752 1216 1073 1279 numerus'hostium
1090 1214 1241 1278 cadebat.

137 1319 213 1402 Que
236 1327 273 1382 re
297 1320 537 1395 animadversae,
558 1320 732 1383 Ambiorix
756 1328 834 1383 sues
858 1319 976 1402 procul
998 1320 1065 1383 tela
1089 1320 1242 1382 conicere

136 1424 231 1486 iussit
244 1444 306 1487 nec
320 1425 457 1506 propius
470 1426 638 1488 accedere.
687 1425 797 1507 Quam
813 1423 856 1487 ob
872 1439 952 1500 rem,
965 1432 1040 1487 cum
1053 1425 1118 1485 iam
1132 1423 1243 1505 aliqua

136 1528 256 1590 cohors
279 1538 467 1591 excesserat
486 1549 527 1591 ex
550 1529 629 1591 orbe
653 1539 754 1611 atque
772 1529 935 1608 impetum
957 1527 1094 1602 fecerat,
1111 1531 1242 1589 summe

136 1631 305 1695 celeritete
329 1633 505 1712 fugiebant
528 1633 657 1710 hostes3
683 1653 759 1695 cum
783 1642 895 1694 autem
919 1632 1039 1695 cohors
1063 1650 1179 1693 rursus
1201 1629 1241 1691 ad

97 1761 127 1799 ro
137 1756 241 1797 acrem
265 1743 301 1798 se
323 1739 470 1817 recipere
494 1745 660 1819 coeperat,
677 1745 748 1799 tum
768 1735 864 1811 Galli,
882 1735 1029 1818 undique
1050 1740 1167 1809 coorti,
1190 1753 1240 1795 no

137 1847 255 1902 stres‘
238 1841 398 1902 acerrime
416 1841 620 1922 premebant.

137 2047 175 2109 T.
206 2047 409 2122 Balventius,
438 2047 488 2110 vir
514 2049 612 2110 fortis
638 2058 672 2111 et
696 2068 839 2137 magnae
867 2046 1083 2122 aucteritetis,
1111 2044 1243 2127 tregule

136 2150 283 2231 graviter
307 2152 502 2215 vulneretus
523 2159 592 2227 est,
617 2153 659 2236 Q.
679 2153 856 2226 Lecenius,
875 2138 1055 2223 fortissime
1076 2155 1242 2232 pugnens,

98 2254 566 2328 15dumcircumventefilie
593 2256 742 2318 subsidie
767 2257 866 2330 venit,
891 2265 943 2317 est
966 2254 1180 2327 interfectus;
1205 2271 1243 2314 ac

139 2358 177 2420 L.
198 2358 296 2422 Cotta
320 2359 460 2439 legetuS,
483 2380 558 2423 cum
580 2360 699 2421 milites
721 2359 917 2434 horreretur,
937 2358 1043 2420 funde
1066 2375 1245 2438 percussus

137 2472 197 2524 est.
245 2462 376 2544 Quibus
393 2464 493 2526 rebus
518 2471 690 2546 permetus
707 2462 860 2537 Sabinus,
879 2482 955 2524 cum
975 2462 1092 2551 procul
1108 2459 1245 2523 Ambio

138 2572 242 2646 rigem
271 2574 348 2630 sues
373 2568 603 2630 cohortantem
627 2565 864 2648 censpexisset,
896 2559 1114 2646 interpretem
1146 2583 1243 2626 suum

184 2735 206 2768 1.
233 2720 390 2770 accedebat:
416 2717 582 2787 impersonal
607 2734 664 2782 use,
717 2731 834 2769 -ceasum
848 2719 899 2783 est,
912 2720 1058 2768 moveant.
1067 2717 1188 2805 -crbe:
1208 2714 1244 2769 cf

137 2796 438 2868 itwasaddedplzat),
451 2797 543 2868 freely,
550 2804 667 2850 matters
717 2814 744 2866 p.
763 2796 850 2865 129,l.
868 2811 909 2849 12.

137 2894 209 2929 were
218 2878 298 2929 made
306 2895 395 2930 worse
403 2879 487 2946 hythe
487 2879 553 2948 fact
567 2879 666 2947 (that)
765 2893 804 2928 ιο.
825 2878 926 2928 aciem.
940 2894 985 2930 tc.
996 2879 1245 2930 ornent-coorti:

99 3021 100 3025 Ἰ
138 2960 213 3008 -ab
225 2971 327 3022 signis
347 2959 392 3009 ι’..ι
409 2956 478 3011 from
491 2957 562 3011 their
573 2958 666 3027 places
718 2956 977 3026 freely,closingin.

138 3036 166 3089 in
180 3035 226 3090 the
242 3036 307 3090 line
347 3038 425 3092 Each
443 3038 541 3092 cohort
558 3036 637 3091 had'
629 3046 665 3090 rts
765 3055 803 3089 ιι.
830 3040 923 3089 heram
956 3040 1096 3091 ceteram:
1132 3023 1169 3090 cr'.¹
1197 3035 1247 3091 the

137 3134 200 3170 own
212 3117 313 3186 special
326 3118 482 3171 standards.
719 3126 783 3172 note
795 3134 872 3186 onp
889 3116 1187 3184 74‚1.16.·

181 3215 206 3261 4.
234 3200 385 3263 quotiens.
415 3237 421 3250 .
449 3237 456 3251 .
484 3202 664 3265 precurreret:
762 3217 801 3262 13·
829 3199 914 3250 T.:
900 3215 946 3250 ae.
962 3199 1052 3250 Titus.

137 3276 172 3333 cs.
199 3295 226 3341 p.
248 3292 290 3346 72,
309 3277 327 3331 1.
352 3293 373 3346 1,
392 3278 458 3332 with
477 3279 525 3332 the
544 3289 610 3333 note
628 3296 666 3333 on
763 3295 803 3343 15·
830 3281 1026 3331 circumventis:
1041 3275 1173 3332 translate
1183 3276 1247 3349 bya

138 3358 184 3413 the
196 3358 355 3428 pluperfect.
718 3359 830 3414 relative
848 3360 948 3413 clause.

182 3454 207 3504 5.
234 3444 283 3493 ab:
298 3439 334 3493 cf.
345 3441 392 3494 the
407 3459 456 3494 use
472 3439 504 3494 of
514 3439 570 3494 this
588 3457 664 3509 prep.
765 3448 804 3493 16.
831 3441 931 3492 funde:
947 3440 1039 3500 funda,
1049 3455 1101 3505 -ae,
1110 3437 1246 3509 r.‚sling;

138 3519 168 3572 in
184 3519 231 3573 the
248 3520 347 3589 phrase
366 3526 383 3573 e
400 3525 485 3587 terge.
495 3524 665 3573 -cadebatz
718 3538 764 3574 see
777 3521 824 3574 the
837 3520 999 3573 illustration
1013 3537 1050 3573 on
1063 3537 1090 3588 p.
1108 3520 1185 3584 14o.'

139 3606 204 3654 note
216 3599 263 3654 tbe
276 3607 363 3654 tense.
765 3610 804 3654 18.
832 3604 909 3653 sues:
943 3599 1070 3653 reflexive
1089 3606 1119 3652 to
1138 3600 1248 3652 Ambio·

184 3696 208 3745 7.
234 3683 359 3746 propius:
379 3681 468 3735 absol.
484 3699 604 3751 compar.
719 3686 813 3747 rigem.
830 3712 864 3721 -
883 3682 1072 3745 interpretem:
1105 3679 1248 3744 interpres,

182 3768 207 3813 8.
234 3765 400 3813 excesserat:
421 3765 525 3828 excede,
539 3778 564 3831 3,
577 3766 667 3826 -cessi,
719 3763 793 3826 -etis,
806 3775 844 3826 c.,
856 3763 1033 3827 :merentem
