2700 4186
429 234 542 292 FIRST
569 233 689 292 LATIN
717 232 881 290 READER
1164 233 1201 296 81

101 415 296 479 servitirtem
313 415 418 480 Gallis
434 415 587 478 vendere.
635 415 757 496 Quare,
775 414 848 477 cibo
868 424 1034 497 armisque
1054 422 1203 496 arreptis,
1289 458 1292 463 <
1332 411 1336 420 “

102 521 224 582 fratres
248 519 315 582 duo
338 538 379 581 ex
402 517 550 582 hibernis
573 524 673 581 noctri
696 518 781 580 ‘clam
808 518 986 598 sigerum
1007 517 1070 580 ⁴ubi
1094 527 1204 581 autem

101 624 173 685 dies
190 621 305 698 illoxit,
321 621 356 684 in
372 621 489 685 arbore
506 627 587 685 cava
604 629 639 684 se
655 628 773 684 somno
788 621 959 684 dederunt.

147 726 286 789 Interim
311 725 389 788 Indi
411 745 486 789 curn
509 724 648 788 canibus
669 725 817 806 undique
841 732 962 805 pueros
990 725 1204 808 quaerebant.

76 831 153 907 5At
165 831 269 893 frater
282 831 393 905 maior,
405 848 481 892 cum
493 835 593 892 canes
607 826 744 909 propius
757 828 798 889 ad
809 828 960 891 arborem
974 829 1204 902 accessissent,

103 941 121 997 ἐ
138 942 255 997 somno
270 933 390 997 latratir
407 934 578 1007 excitatus,
597 933 716 995 callido
732 939 811 994 risus
824 933 962 994 consilio
978 933 1121 995 frirstum
1139 953 1205 996 car-

103 1042 155 1101 nis
165 1047 212 1101 eis
224 1039 370 1119 proiecit.
411 1037 508 1119 Quae
521 1044 572 1099 res
587 1045 697 1117 pueris
710 1036 810 1098 saliti
822 1035 901 1109 fuit;
919 1056 993 1098 cum
1004 1036 1092 1098 enim
1105 1044 1204 1100 canes

102 1161 237 1205 carnem
255 1142 460 1215 devorarent,
475 1139 607 1203 barbari
623 1139 705 1201 nihil
721 1140 929 1220 suspicantes
945 1139 1095 1203 arborem
1113 1161 1206 1222 prae-

102 1244 272 1308 terierunt.
320 1245 397 1326 Quo
412 1251 491 1318 viso,
510 1253 604 1324 pueri
622 1263 735 1306 rursus
757 1243 900 1323 profecti
923 1263 980 1323 per
1001 1244 1102 1306 silvas
1121 1252 1205 1307 erra·

61 1376 94 1412 ιο
103 1356 230 1426 verunt,
248 1348 354 1411 donec
371 1348 460 1410 fame
478 1347 710 1428 laboribusque
730 1366 836 1426 paene
856 1346 1001 1410 confecti
1020 1357 1098 1410 sunt
1105 1369 1112 1424 ;
1133 1357 1202 1410 turn

102 1451 135 1514 in
153 1452 321 1534 quoddam
338 1451 498 1533 oppidum
515 1451 706 1513 colonorum
724 1450 786 1512 sibi
802 1457 901 1512 antea
922 1457 1072 1531 ignotum
1095 1451 1204 1514 subito

102 1562 335 1638 pervenerunt

529 1777 712 1840 Lnsson
744 1778 788 1858 69

395 1960 521 2025 Stories
542 1960 641 2024 about
661 1961 790 2025 Daniel
809 1960 918 2026 Boane

147 2115 209 2180 Ille
229 2115 419 2198 explorator
434 2116 552 2190 clarus,
570 2116 663 2178 cuius
685 2115 726 2178 de
749 2115 889 2196 pueritia
910 2117 1010 2196 paulo
1029 2127 1106 2177 ante
1127 2117 1202 2190 dixi,

100 2220 188 2284 inter
211 2220 301 2282 feras
328 2220 495 2302 Indosque
520 2239 627 2300 paene
651 2227 752 2282 totam
778 2219 848 2299 egit
871 2227 1023 2282 aetatem.
1073 2205 1160 2282 Olim
1187 2228 1205 2281 ἐ

59 2323 288 2402 15Carolaena
310 2322 469 2386 Citeriore
491 2329 583 2385 trans
605 2329 734 2385 montes
757 2329 822 2385 rina
842 2342 917 2386 cum
934 2325 1006 2384 aliis
1023 2323 1203 2402 explorato·

101 2427 192 2489 ribus
208 2433 356 2509 quinque
372 2426 530 2488 audacter
545 2425 578 2487 in
595 2426 698 2488 valles
716 2425 913 2508 longinquis
932 2425 1122 2501 contendit;
1148 2427 1203 2488 ubi

101 2537 169 2592 rino
184 2549 260 2592 curn
280 2530 400 2591 comite
419 2528 461 2592 ab
483 2529 575 2591 Indis
597 2540 724 2610 captus,
743 2539 919 2611 postquam
941 2529 982 2591 ab
1004 2538 1052 2592 eis
1074 2539 1202 2611 septem

100 2634 172 2696 dies
195 2639 326 2696 summi
349 2632 521 2714 diligentia
545 2634 729 2696 custoditus
748 2640 928 2708 est,nocti1
948 2633 1033 2695 clam
1054 2633 1203 2707 surrexit,

98 2736 289 2818 comiteque
310 2742 329 2798 ὅ
348 2744 465 2798 somno
486 2737 636 2812 excitato,
654 2736 829 2799 incolumis
850 2736 891 2798 ad
913 2756 1025 2799 casam
1043 2739 1202 2818 pervenit,

56 2862 89 2898 20
99 2858 201 2921 quarn
218 2839 290 2920 ipse
306 2845 472 2922 ceterique
488 2840 713 2921 exploratores
731 2839 829 2920 paulo
846 2850 924 2903 ante
940 2841 1099 2903 fecerant.

145 2941 263 3005 Paucis
279 2953 357 3025 post
374 2950 471 3007 annis
490 2943 624 3008 easdem
644 2943 678 3006 in
700 2945 853 3024 regiones
874 2945 1010 3007 colonos
1031 2964 1106 3007 cum
1129 2953 1203 3007 uxo-

146 3124 169 3159 r.
194 3108 371 3163 servititemz
398 3113 525 3180 servitiu,
550 3113 626 3178 irtio,
724 3129 764 3163 11.
791 3113 860 3165 tibi:
887 3121 1016 3167 construe
1037 3112 1102 3166 with
1129 3116 1204 3177 igni>-

99 3200 137 3254 ι,
149 3187 280 3255 slavcry5
297 3187 331 3244 cf.
346 3205 449 3246 servus.
677 3195 744 3246 turn.

143 3284 169 3319 2.
194 3272 303 3321 autem:
323 3273 391 3326 and.
723 3288 764 3341 13.
790 3274 881 3326 cuius:
902 3271 1069 3327 modifierof
1077 3274 1202 3338 pueritia.

144 3362 169 3411 5.
196 3351 322 3414 propius:
348 3355 424 3422 quite
444 3352 512 3406 close
519 3370 529 3416 ‚·
554 3351 626 3405 what
725 3371 764 3416 14.
790 3357 926 3406 actitem:
949 3361 998 3406 not
1017 3357 1159 3406 aestitem.

97 3427 193 3483 useof
201 3428 249 3482 the
261 3433 401 3502 compar.?
725 3448 762 3497 15.
788 3436 931 3488 citeriore:
976 3434 1105 3504 (citerior,
1144 3436 1202 3493 -ior,

142 3515 170 3562 ⁶.
195 3513 313 3564 iatrrto:
347 3515 472 3577 linitus,
499 3517 553 3579 -ῖιε,
584 3526 625 3575 ia,
677 3515 757 3581 ius),
775 3513 814 3566 lit.
833 3515 953 3576 Nearer,
966 3515 1012 3566 tle.
1028 3514 1141 3578 North5
1166 3514 1200 3568 cf.

96 3591 358 3658 &rhina-iteras:
391 3593 522 3648 translate
547 3609 579 3647 as
606 3592 630 3647 is
678 3593 725 3647 the
739 3601 803 3647 note
816 3611 853 3647 on
865 3595 1018 3653 ulterioris,
1031 3612 1058 3663 p.
1075 3609 1116 3661 70,
1130 3595 1146 3648 1.
1161 3609 1184 3661 7.

97 3676 163 3727 risus
180 3677 224 3725 ost
244 3709 251 3724 .
273 3709 281 3723 .
302 3709 309 3724 .
329 3676 366 3726 et.
722 3689 764 3724 20.
790 3677 888 3726 ceteri:
915 3683 1038 3727 contrast
1061 3675 1108 3727 the
1130 3675 1202 3729 foret

143 3770 168 3816 7.
196 3766 281 3819 quaet
300 3751 363 3804 thr's.
677 3751 711 3807 of
718 3754 790 3817 alita,
803 3753 820 3806 1.
837 3768 876 3822 ις.
