2700 4186
440 223 555 281 arasa
579 222 702 282 anam
728 224 892 283 aarum
1159 242 1217 306 143

109 401 265 465 celeriter
281 412 282 415 ’
296 402 328 465 in
361 403 477 484 lugam
508 402 609 467 dedit.
661 403 812 484 Longius
842 414 953 467 autem
984 411 1113 486 insequi
1138 407 1219 468 veri-

110 515 178 582 tus,
202 507 289 588 quod
319 506 422 570 silvae
450 507 656 590 paledesque
683 508 942 582 intercedebant,
969 510 1123 572 omnibus
1150 520 1219 573 suis

111 608 334 673 incolumibus
366 610 482 672 eedem
510 610 564 674 die
590 611 631 673 ad
661 611 856 674 Cicerenem
888 614 1048 693 pervenit.
1095 614 1218 676 Turres

112 714 383 796 menitienesque
421 715 566 778 hostium
604 717 794 778 admiretur.
858 717 1007 798 Legione
1047 719 1217 797 preducte,

85 819 288 898 Scegnescit
312 825 379 881 nen
405 819 571 882 decimum
596 840 762 902 quemque
789 840 862 883 esse
890 821 1052 902 reliquum
1082 821 1217 883 militem

113 917 186 980 sine
212 916 365 995 vulnere3
401 926 466 1001 que
494 939 535 982 ex
560 927 597 981 re
626 919 750 982 iridicat
778 927 903 1001 quante
929 923 963 983 in
991 921 1139 1001 pericule
1165 928 1218 984 res

112 1020 223 1085 fuerit.
258 1021 434 1086 'Cicerene
459 1023 683 1104 militibusque
708 1023 860 1097 laudetis,
885 1024 1096 1086 centurienes
1119 1024 1218 1088 tribu-

112 1132 242 1206 nosque
259 1125 412 1206 singules‘
427 1127 583 1208 appellat,
601 1135 742 1208 querum
759 1126 926 1207 egregiam
944 1128 1049 1190 fuisse
1062 1127 1217 1191 virtritem

112 1228 307 1292 testimenie
323 1229 493 1293 ciceronis
514 1237 727 1311 cegneverat.
777 1231 830 1292 De
850 1237 929 1293 cese
953 1231 1069 1293 Sabini
1088 1241 1122 1295 et
1143 1231 1217 1296 Cot·

68 1340 165 1396 rotae
179 1332 309 1396 certius
324 1351 364 1396 ex
380 1342 520 1415 captivis
536 1334 717 1415 cegnescit.

530 1584 710 1651 LESSON
746 1586 806 1651 116

268 1767 529 1855 Arrangements
541 1773 606 1853 for
626 1771 679 1834 the
700 1772 783 1836 Rest
804 1773 844 1854 of
860 1772 913 1835 the
945 1772 1070 1837 We'nm

154 1933 249 1997 Dum
270 1933 354 1996 haec
374 1933 470 2006 fiunt,
493 1934 534 1995 ad
562 1933 746 1996 Labienum
774 1934 958 1997 incredibili
983 1935 1151 1999 celeritete
1174 1935 1217 1998 de

109 2036 251 2101 victeriai
268 2036 421 2100 Caesaris
437 2037 528 2100 sema
544 2037 710 2113 desertur3
736 2049 814 2120 quin
832 2041 942 2115 etiam,
959 2058 1035 2103 cum
1051 2039 1093 2101 ab
1111 2039 1213 2102 hiber-

109 2148 163 2203 nis
176 2140 348 2205 Cicerenis
364 2140 455 2203 milia
471 2161 630 2222 passuum
649 2142 817 2204 Labienus
834 2142 966 2206 abesset
982 2143 1111 2205 circiter
1127 2151 1216 2206 sexa

110 2245 215 2326 ginte,
233 2254 334 2326 atque
355 2244 397 2306 ad
414 2245 610 2309 Cicerenem
633 2257 709 2327 post
731 2247 844 2308 heram
868 2254 990 2308 nenam
1010 2247 1076 2308 diei
1092 2247 1215 2310 Caesar

65 2375 98 2431 ¹5
111 2349 330 2430 pervenisset,
348 2359 426 2412 ante
445 2349 588 2413 mediam
609 2359 740 2412 noctem
763 2349 873 2412 subite
888 2350 931 2412 ad
948 2357 1058 2430 portes
1077 2350 1217 2413 Labieni

110 2459 297 2517 castrerum
321 2451 454 2516 auditus
476 2464 528 2518 est
551 2462 665 2517 eorum
689 2454 821 2530 eleimon
844 2464 901 2536 qui
924 2454 1034 2535 legite
1057 2455 1216 2535 gretuleri

158 2642 181 2681 1.
206 2629 330 2694 longius:
350 2626 439 2683 absol.
454 2645 572 2698 compar.
750 2647 775 2693 9·
802 2630 975 2683 testimonie:
1019 2631 1215 2698 testimenium,

155 2725 182 2761 2.
208 2709 426 2763 intercedebant:
450 2711 593 2778 intercede,
612 2725 637 2780 3,
689 2714 720 2777 -i,
732 2724 772 2773 N„
784 2715 889 2780 repert.
928 2711 989 2764 The
1002 2710 1057 2765 abl.
1073 2728 1215 2780 expresses
1246 2775 1250 2782 ,

110 2793 201 2856 -oeui,
227 2804 345 2842 -cmurn
369 2793 421 2858 ut,
445 2792 638 2844 intervene-
690 2807 801 2857 means:
821 2808 861 2844 we
874 2792 963 2845 would
976 2808 1025 2861 say
1038 2791 1160 2845 “from'‘

110 2870 235 2923 omnibus
264 2874 323 2922 onie
352 2871 547 2923 incolumibus:
579 2870 635 2926 abl.
736 2887 777 2923 10.
803 2873 918 2923 certius:
952 2889 982 2924 as
1011 2889 1086 2924 noun
1123 2876 1213 2943 (neut.

110 2949 219 3016 absol.;
239 2949 371 3005 translate
385 2951 502 3005 “wita'’
690 2949 795 3021 sing.);
831 2969 878 3005 see
910 2952 957 3004 the
989 2953 1095 3006 Vocab.
1129 2954 1217 3006 under

156 3047 181 3094 4.
208 3032 343 3084 boetium:
382 3030 475 3103 ireely,
507 3031 576 3085 built
608 3033 640 3102 by
680 3033 825 3097 'cegnesce
1010 3071 1018 3082 .

110 3109 157 3164 the
175 3127 276 3180 enemy.
736 3131 776 3166 ιι.
803 3115 883 3165 haec:
924 3112 988 3165 tlte's.
1002 3143 1038 3152 —
1052 3114 1214 3166 Labienum:

156 3205 181 3255 5.
208 3195 261 3244 nen
287 3193 429 3261 decimum,
456 3202 523 3248 ete:
559 3192 640 3247 order
691 3191 724 3247 cl.
743 3212 769 3263 p.
792 3194 848 3262 138,
867 3193 885 3245 l.
910 3207 941 3258 14
953 3191 981 3245 ff.

112 3270 145 3327 oi
164 3271 206 3325 lit.
225 3273 405 3328 translation:
431 3279 484 3327 nen
509 3289 640 3341 quemque
737 3291 776 3326 12.
803 3273 879 3326 lema
900 3276 966 3345 (ee,
987 3274 1047 3343 12.):
1070 3277 1216 3344 repert.-

112 3352 245 3406 doelmum
257 3356 375 3407 militem
387 3369 447 3407 ease
459 3357 600 3420 reliquum.
691 3354 824 3407 defertur:
847 3357 892 3407 ie.
913 3354 951 3425 by
971 3353 1086 3408 natives.
1097 3369 1214 3408 -cum:

158 3448 183 3498 7.
209 3433 308 3487 fuerit:
346 3434 415 3505 pers.
450 3434 638 3505 subjunctive3
691 3434 860 3488 concessive.

111 3512 176 3584 why
196 3513 251 3568 this
276 3514 377 3568 mood?
414 3518 487 3569 Note
512 3513 640 3584 carelully
737 3531 777 3578 15.
803 3518 853 3568 ad:
872 3517 970 3588 before.

111 3594 162 3649 the
174 3592 247 3649 force
260 3592 292 3649 of
301 3595 348 3648 the
361 3603 449 3648 tense.
737 3603 776 3647 16.
804 3600 907 3648 aerum:
925 3596 1215 3666 ‹asteose-cttmor:

158 3682 183 3728 8.
209 3676 360 3741 egregiam:
382 3676 457 3745 pred.
479 3674 532 3745 adj.
552 3672 640 3744 (egre
691 3676 821 3729 translate
845 3693 875 3728 as
897 3676 1132 3744 pl.—gretuleri:
1159 3683 1217 3744 gre-

113 3758 305 3825 uim-qum,
314 3758 514 3826 conspicuous).
690 3755 1132 3826 tulor,1,offercongratulation.
