2700 4186
432 247 546 303 nnsr
572 246 694 302 earm
721 246 888 302 nuuunn
1150 258 1207 324 105

102 436 178 491 sero
201 429 399 502 adferretur,
426 427 679 501 constituerunt,
708 431 737 488 si
762 435 910 508 possent,
936 424 1114 488 Britanniis
1144 426 1209 506 ipsi

102 533 282 595 deterrere.

148 636 228 699 Post
244 635 390 711 domum,
407 636 542 717 quaein
560 633 792 716 prdmunturir‘)
814 633 923 716 posita
938 642 1020 708 erat,
1038 633 1121 696 silva
1137 643 1209 698 erat
1240 634 1242 638 ’

102 761 215 823 parva.
265 741 384 820 Itaque
413 739 516 814 liberi,
545 758 621 800 cum
650 737 691 800 ad
720 738 820 800 aedes
848 739 1079 813 cucurrissent,
1107 745 1207 800 armis

77 844 282 917 smnfestim
311 849 461 924 arreptis,
491 848 587 924 porta
614 848 743 924 postica
769 841 804 903 in
830 841 946 904 silvam
968 842 1053 904 clam
1082 848 1208 922 egressi

102 959 199 1025 sunt3
224 957 295 1010 tum
312 959 423 1010 autem
440 946 551 1028 palam
569 953 588 1008 ὃ
603 946 686 1007 silvai
704 944 739 1007 in
758 945 858 1007 aedes
882 964 957 1007 cum
974 954 1074 1007 armis
1090 965 1207 1027 prope-

100 1061 269 1116 raverunt.
318 1051 417 1134 Quod
433 1051 521 1113 idem
538 1069 614 1112 cum
632 1051 765 1131 saepius
782 1049 952 1124 fecissent,
972 1050 1134 1125 Britanni,
1150 1059 1206 1132 qui

100 1156 354 1246 conspiciebant
374 1155 490 1245 procul
512 1175 574 1217 nec
595 1155 774 1243 quicquam
796 1154 896 1237 plane
912 1153 1024 1241 videre
1040 1163 1204 1245 poterant,

101 1242 240 1324 manum
264 1242 419 1342 magnam
447 1261 481 1322 in
510 1259 610 1323 aedes
643 1257 839 1322 convenisse
866 1267 936 1335 rati,
964 1255 1203 1342 pedetemptim

61 1377 215 1429 notamen
240 1365 397 1447 progredi
421 1370 736 1446 perseveraverunt:
769 1363 849 1425 dum
874 1371 955 1426 vero
979 1373 1112 1445 praeter
1136 1363 1207 1446 pro

99 1471 306 1533 munturiurn
324 1470 494 1549 navigant,
512 1468 621 1530 subito
637 1469 721 1530 alter
737 1487 778 1530 ex
794 1468 904 1531 liberis
917 1469 1041 1532 inmisit
1053 1469 1155 1531 telum
1165 1488 1205 1531 ac

98 1573 361 1656 gubernatorem
386 1573 531 1653 graviter
546 1571 751 1649 vulneravit3
775 1580 930 1653 quicum
955 1573 1131 1654 prdlapsus
1147 1592 1205 1654 gu-

96 1678 283 1741 bernacula
307 1683 325 1738 ὃ
348 1676 501 1738 manibus
525 1676 713 1751 dimisisset,
731 1677 824 1738 navis
849 1682 868 1738 ἔ
890 1682 988 1740 cursu
1006 1676 1141 1740 flumine
1157 1674 1205 1754 sess

96 1783 211 1845 cundo
223 1782 306 1843 ferri
316 1791 436 1873 coepta
447 1789 507 1842 est.
549 1779 659 1861 Quam
673 1777 798 1841 obrem
811 1779 971 1856 Britanni,
985 1787 1021 1856 se
1034 1788 1081 1844 sic
1097 1781 1204 1866 omnis

54 1905 82 1957 ις
94 1887 242 1949 interfici
260 1903 360 1965 posse
377 1883 534 1958 arbitrati,
553 1885 665 1944 animo
681 1882 817 1945 minime
832 1892 940 1965 aequo
955 1890 992 1946 se
1007 1890 1205 1966 receperunt

92 1992 137 2052 ad
154 1987 332 2070 oppidum,
350 1986 437 2048 unde
454 1994 562 2068 nuper
578 1986 723 2068 proiecti
737 1997 840 2050 erant.
1062 1969 1064 1974 ¹

526 2186 710 2274 resson
743 2213 783 2273 ss

436 2375 601 2440 Horatius
623 2387 659 2438 at
682 2377 734 2438 tlte
755 2377 882 2460 Bridge

140 2534 243 2616 Quae
259 2539 314 2594 res
330 2530 553 2594 memorabilis
568 2537 623 2592 me
638 2530 797 2593 admonet
813 2531 856 2594 de
866 2532 1016 2596 facinore
1031 2535 1130 2598 simili
1145 2536 1204 2600 sed

91 2639 235 2711 maidre,
252 2634 342 2717 quod
360 2635 488 2697 Romae
505 2634 687 2714 antiquitus
698 2635 740 2696 ab
759 2635 900 2698 Horatio
916 2638 1060 2718 quddam
1077 2640 1203 2702 factum

92 2761 173 2804 esse
200 2737 352 2802 traditur.
400 2738 485 2802 Cum
517 2737 605 2800 enim
636 2736 761 2799 bellum
784 2745 804 2800 a
828 2747 907 2820 rege
932 2741 1093 2804 Porsinna
1115 2754 1205 2808 esset

43 2869 82 2904 20
96 2846 264 2907 Romanis
279 2842 451 2917 indictum,
465 2841 651 2904 Ianiculum
667 2842 794 2923 impetit
811 2853 987 2925 repentino
1002 2857 1136 2927 captum
1154 2859 1206 2911 est

145 2995 169 3030 1.
195 2981 269 3030 oeni:
289 2975 444 3044 adv.,late,·
461 2975 489 3028 in
500 2974 555 3029 this
565 2993 628 3030 con·
742 2984 766 3029 8.
795 2980 954 3044 quicquam:
981 2988 1055 3034 neut.
1079 2977 1112 3034 of
1133 2983 1205 3048 quis·

47 3047 55 3089 ‘
94 3066 167 3124 text,
180 3057 295 3110 toolote.
678 3073 760 3123 quam
774 3058 823 3132 (cf.
837 3077 864 3128 p.
878 3075 902 3126 2,
916 3059 1008 3131 l.1r).

145 3155 169 3202 3.
195 3140 317 3191 domum:
359 3136 459 3210 (their)
492 3137 575 3191 home.
591 3167 627 3176 -
724 3157 763 3190 11.
787 3142 859 3192 alter
869 3155 918 3192 ex:
939 3142 1036 3212 aneos
1051 3142 1190 3214 (thesswo)

94 3219 191 3286 posita
202 3221 275 3270 erat:
295 3217 356 3270 had
364 3219 427 3271 been
440 3219 514 3271 built.
724 3238 762 3283 13·
788 3223 919 3273 secundi:
935 3220 969 3275 cf.
985 3240 1012 3291 p.
1028 3224 1071 3288 87,
1083 3222 1101 3276 l.
1120 3225 1160 3277 18.

145 3314 170 3362 5.
197 3302 290 3365 porti:
311 3298 396 3364 door5
416 3297 457 3351 for
469 3308 578 3368 syntax,
592 3297 625 3352 cs.
724 3319 764 3365 14.
791 3307 945 3368 coeptaest:
968 3302 1001 3356 cf.
1022 3303 1068 3357 the
1086 3312 1151 3357 note
1168 3322 1205 3357 on

96 3380 209 3442 ueniti,
230 3395 259 3448 p.
284 3393 341 3447 103,
361 3378 380 3431 l.
405 3393 445 3444 17.
460 3384 624 3446 -posticaz
677 3385 786 3448 coeptus
800 3387 850 3448 est,
864 3400 890 3451 p.
904 3383 946 3438 66.
960 3383 976 3434 i.
994 3398 1033 3435 η.

96 3462 229 3526 poeticus,
248 3474 284 3526 a,
306 3474 371 3526 nm,
383 3459 457 3512 back.
722 3470 761 3515 18.
788 3465 904 3516 Romae:
926 3471 992 3516 note
1005 3463 1064 3516 that
1084 3464 1139 3518 this
1152 3463 1205 3519 isa

42 3539 47 3546 '
145 3555 169 3604 7.
194 3540 281 3591 idem:
305 3548 371 3593 note
384 3539 431 3593 the
445 3540 557 3610 gender,
569 3541 625 3594 and
677 3551 750 3596 town
764 3561 851 3597 name.

95 3618 133 3673 cf.
153 3638 181 3689 p.
205 3633 262 3687 103,
281 3619 300 3672 1.
324 3623 538 3686 12.-—saepius:
558 3638 625 3673 over
721 3639 762 3674 ιο.
790 3626 954 3675 Ianiculum:
976 3642 991 3675 a
1017 3624 1064 3677 hill
1095 3643 1132 3677 on
1157 3626 1204 3681 the

95 3700 161 3753 and
174 3717 243 3753 over
259 3702 344 3769 again
354 3715 364 3763 ς
381 3698 455 3752 what
470 3717 518 3753 use
534 3699 566 3752 os
578 3700 624 3753 the
679 3710 744 3755 west
757 3703 830 3755 bank
848 3703 879 3756 of
896 3704 940 3756 the
961 3703 1054 3766 Tiber,
1076 3706 1204 3772 opposite

95 3780 236 3848 compar?
680 3784 776 3835 Rome.
