2700 4186
156 234 213 299 154
477 223 589 278 FIRST
615 223 737 280 LATIN
764 225 928 282 READER

154 409 221 463 unt.
278 399 355 483 Qua
381 386 416 464 re
443 402 675 466 animadversi
702 405 932 486 exercitusque
959 405 1078 470 timbre
1108 408 1203 488 crigni

153 504 272 580 Varus,
304 505 497 569 bicinatr'rre
529 507 818 589 tabernaculisque
852 516 968 590 paucis
998 510 1031 571 in
1063 518 1182 574 castris

153 609 298 689 speciem
324 609 454 685 relictis
472 611 569 672 tertia
595 610 708 691 vigilia
735 611 898 694 reliquum
922 632 1056 695 quoque
1074 613 1203 678 exerciti

153 710 285 775 silentii>
300 712 334 773 in
351 712 511 794 oppidum
528 714 667 776 reducit.

563 962 746 1026 LESSON
784 979 841 1042 123

286 1144 384 1227 King
397 1144 491 1226 Juba
515 1145 662 1209 marchas
686 1156 716 1208 to
740 1146 793 1209 tlte
815 1147 935 1230 Relief
945 1150 990 1230 us
1016 1149 1121 1212 Varus

133 1320 145 1375 5
201 1299 362 1363 Postridie
384 1300 456 1362 eius
479 1300 545 1362 diei
568 1300 669 1364 Curii>
692 1300 847 1366 obsidere
870 1303 1003 1366 Uticam
1023 1302 1145 1384 coepit.
1192 1303 1203 1368 i

156 1403 221 1466 iam
237 1403 280 1466 ad
296 1403 412 1465 urbem
436 1405 636 1484 perveniunt
651 1411 671 1466 a
686 1411 764 1484 rege
788 1405 870 1466 Iuba
889 1408 1006 1478 nuntii,
1024 1415 1083 1488 qui
1097 1406 1190 1469 illum

157 1527 231 1570 esse
246 1513 378 1586 magnis
394 1526 469 1568 cum
487 1508 590 1587 cepiis
606 1507 718 1569 dicant
734 1508 988 1590 oppidanrisque
1005 1509 1047 1571 de
1063 1510 1203 1574 defensi

158 1610 247 1674 urbis
263 1611 446 1673 hortentur.
495 1610 745 1674 Nuntiabantur
769 1612 851 1674 haec
867 1613 985 1674 eadem
1003 1614 1149 1677 Curir'mi.
1200 1615 1203 1678 ἶ

158 1728 270 1779 tamen
294 1721 401 1796 prim6
423 1721 537 1801 regem
561 1714 642 1776 nihil
665 1723 781 1778 contra
798 1722 834 1777 se
849 1722 1007 1778 ausr'rrum
1032 1719 1203 1783 existimih

119 1820 215 1883 rosed
241 1818 297 1881 ubi
320 1818 439 1881 certior
461 1802 513 1881 est
543 1818 652 1881 factus
682 1821 796 1901 eripias
826 1820 929 1882 lubae
953 1820 994 1883 ab
1019 1821 1121 1884 Utica
1152 1822 1203 1885 mi

159 1932 304 2006 quinque
320 1932 354 1985 et
368 1922 487 2004 viginti
502 1923 591 1985 milia
608 1943 766 2004 passuum
783 1923 911 1999 abesse,
931 1925 1053 1986 relictis
1077 1927 1203 1989 mimitii

158 2029 220 2091 bus
251 2034 326 2090 sese
353 2027 389 2089 in
420 2026 539 2089 Castra
571 2027 725 2090 Cornelia
755 2029 890 2108 recepit.
943 2029 1021 2091 Huc
1053 2040 1203 2110 comporl

160 2131 270 2214 coepit
285 2130 405 2206 omnia,
423 2151 508 2213 quae
527 2130 569 2193 ad
593 2130 798 2194 obsidirinem
817 2133 1047 2195 sustinendam
1064 2140 1142 2196 risui
1157 2155 1203 2198 er:

205 2236 295 2298 Dum
320 2236 402 2298 haec
425 2235 522 2310 fiunt,
546 2255 587 2297 ex
610 2234 785 2316 oppidanis
817 2236 968 2317 perfugis
992 2237 1120 2300 audivit
1145 2237 1203 2303 Iul

121 2340 225 2414 15ali6
247 2339 335 2402 belle
357 2359 432 2402 esse
455 2346 656 2414 revocatum,
674 2349 708 2400 et
733 2338 922 2415 Saburram,
947 2338 1019 2402 eius
1043 2341 1203 2422 praefecti

160 2454 270 2526 parvis
295 2463 369 2506 cum
398 2441 501 2523 c6piis
533 2441 653 2505 Uticae
684 2443 964 2525 appropinquare.
1032 2443 1110 2526 Qui>
1139 2445 1203 2508 aud

159 2548 332 2612 crinsilium
348 2554 474 2610 temere
491 2547 639 2621 mutavit,
657 2545 849 2629 proeliique
868 2567 938 2609 rem
962 2547 1170 2612 committere
1190 2569 1203 2612 c

221 2717 245 2752 2.
271 2700 441 2752 bicinitire:
454 2700 601 2764 liminatur,
614 2699 687 2763 -iris,
784 2716 823 2750 ra.
851 2701 946 2752 castra
959 2701 1096 2753 Cornelia:
1117 2716 1165 2754 see
1183 2717 1203 2768 a

159 2795 204 2848 u„
221 2784 428 2848 trumpeter.-
438 2782 472 2831 ad
488 2780 620 2845 speciem:
640 2781 685 2831 ic.
736 2777 784 2832 the
798 2796 860 2850 map
873 2796 910 2834 on
922 2796 949 2849 p.
967 2779 1025 2846 146.

160 2869 189 2916 to
200 2861 269 2930 keep
281 2878 318 2930 up
328 2861 376 2914 the
385 2876 555 2931 appearance
568 2858 599 2914 of
608 2876 687 2913 occu·
783 2877 823 2923 13.
849 2860 955 2912 omnia:
975 2859 1018 2914 all
1027 2865 1101 2914 sorts
1114 2861 1152 2933 os
1160 2861 1203 2915 tbi

160 2958 258 3011 pancy.
569 2971 571 2974 >
735 2942 959 2993 -0bsidiiuem:
974 2939 1007 2994 of
1015 2940 1062 2994 the
1072 2957 1149 2994 same
1159 2941 1203 2995 der

221 3038 246 3086 5.
273 3023 330 3074 eius
350 3023 418 3074 diei:
439 3021 508 3075 omit
520 3019 549 3075 in
560 3021 687 3074 translat·
736 3020 794 3074 tion
806 3038 837 3074 as
850 3021 899 3075 the
907 3020 973 3074 verb
986 3023 1115 3088 obsidere,
1127 3020 1147 3074 l.
1163 3036 1188 3092 5.

159 3106 216 3174 ing.
255 3103 317 3157 The
338 3120 402 3172 gen.
417 3101 541 3170 depends
554 3119 628 3171 upon
639 3101 685 3154 the
781 3119 821 3166 14.
847 3101 984 3168 perfugis:
1011 3099 1077 3154 with
1102 3099 1156 3172 adj.
1182 3100 1203 3157 ft

159 3185 202 3236 die
214 3183 303 3237 which
322 3191 413 3237 enters
431 3181 490 3236 into
508 3181 555 3236 the
574 3198 687 3251 compo·
734 3183 879 3253 deserttitg.

159 3264 243 3319 sition
255 3263 287 3317 oi
295 3265 434 3331 postridie,
781 3279 819 3327 15·
844 3265 898 3316 alit
919 3265 1006 3316 belli:
1029 3261 1085 3317 abl.
1108 3259 1140 3317 os
1157 3280 1203 3318 me

220 3352 245 3397 6.
272 3347 355 3397 lubi:
379 3361 425 3398 see
445 3343 492 3398 the
510 3352 577 3399 note
596 3360 634 3397 on
656 3361 683 3414 p.
736 3344 906 3414 Apparently
924 3343 979 3398 this
998 3343 1063 3397 item
1082 3341 1116 3397 of
1130 3359 1203 3398 news

161 3426 219 3493 148,
232 3425 251 3479 l.
266 3441 291 3496 5.
734 3424 852 3495 garding
881 3424 976 3493 Juba’s
1007 3433 1182 3478 movements

220 3513 246 3559 8.
273 3509 459 3558 hersendem:
483 3513 576 3572 neut.;
599 3512 686 3558 trans·
735 3505 912 3575 deliberately
925 3504 1083 3570 fabricated,
1092 3504 1139 3558 the
1154 3509 1170 3537 “
1177 3505 1203 3560 dt

159 3589 213 3641 iate
225 3603 256 3640 as
268 3586 398 3656 singular.
735 3587 830 3638 tions”
846 3584 914 3640 from
933 3584 978 3638 the
997 3584 1053 3655 city
1071 3584 1177 3656 having
1194 3584 1203 3640 l

205 3685 244 3718 ro.
272 3668 377 3719 minus:
395 3666 447 3719 less
459 3663 575 3735 (ikan);
591 3664 626 3719 ci.
638 3664 686 3719 the
735 3665 855 3736 planned
878 3664 920 3719 for
941 3665 988 3718 the
1012 3681 1124 3733 express
1146 3682 1203 3736 pur]

158 3764 207 3803 use
220 3746 251 3803 of
260 3747 387 3815 amplius,
398 3763 427 3819 p.
444 3745 534 3814 ror,l.
548 3761 575 3818 3.
735 3743 768 3800 oi
776 3744 920 3817 deceiving
932 3744 1025 3799 Curio.
