2700 4186
481 237 595 295 misr
621 237 742 296 mmm
768 205 933 294 mansu

591 543 774 609 resson
803 558 827 626 9

392 749 532 839 captain
545 752 638 834 John
664 751 776 818 Smim
797 740 1049 839 (Concludaedi

199 946 310 1011 Faber
327 946 458 1012 interim
478 947 643 1012 coloniam
662 947 697 1008 in
715 947 920 1010 Britanniam
939 945 1070 1010 Novam
1090 947 1252 1011 dedicere

154 1052 302 1132 parabat,
334 1051 493 1135 brevique
523 1071 599 1116 cum
631 1050 790 1113 militibus
820 1071 859 1113 ac
893 1060 1002 1112 nautis
1036 1051 1180 1113 sedecim
1212 1051 1253 1113 ad

154 1155 345 1218 Americam
358 1175 474 1218 versus
488 1156 659 1237 profectus
670 1163 729 1218 est.
763 1153 848 1219 Cum
861 1164 972 1216 autem
986 1174 1076 1216 mare
1089 1161 1252 1229 transiret,

153 1258 263 1321 subito
275 1265 458 1341 tempestas
472 1279 595 1340 magna
611 1267 661 1321 est
673 1267 794 1334 coorta,
808 1278 847 1321 ac
860 1265 962 1320 nives
976 1257 1130 1320 fluctibus
1147 1278 1253 1340 paene

129 1363 280 1437 strictae
294 1373 389 1440 sunt;
414 1370 517 1445 quire
533 1363 667 1425 domum
685 1362 792 1425 redire
808 1367 942 1424 coactus
959 1370 1019 1424 est.

198 1467 264 1531 Sed
287 1467 387 1548 paulo
403 1477 480 1548 post
501 1487 577 1529 cum
602 1473 669 1529 imi
693 1472 777 1528 nave
801 1472 904 1546 parva
927 1465 1046 1528 iterum
1070 1466 1252 1547 proiectus

153 1571 274 1633 multos
290 1571 361 1633 dies
377 1571 419 1633 ad
436 1572 627 1634 Americam
644 1590 760 1634 versus
776 1569 916 1632 feliciter
931 1570 1108 1651 navigavit.
1155 1572 1251 1644 Tum,

154 1682 267 1756 piratis
291 1675 407 1756 procul
421 1685 510 1751 visis,
530 1676 655 1738 fristra
678 1675 830 1755 effugere
853 1681 991 1737 conatus
1016 1684 1074 1736 est.
1124 1674 1252 1737 Piratae

152 1788 264 1841 tamen
284 1778 410 1842 inventi
429 1789 506 1842 sunt
525 1779 644 1841 milites
663 1799 746 1853 esse,
764 1786 845 1860 quos
868 1777 940 1860 ipse
962 1777 1040 1840 olim
1065 1777 1098 1840 in
1117 1779 1252 1859 Europa

115 1882 310 1958 reduxerat3
333 1893 391 1966 qui
412 1883 513 1965 igitur
536 1883 655 1946 ducem
680 1903 775 1945 suum
796 1894 944 1946 veterem
960 1882 1116 1945 volebant
1139 1890 1249 1945 secum

152 1987 319 2066 navigare,
330 1987 357 2048 is
370 1997 480 2050 autem
492 1988 534 2050 ad
545 1987 735 2050 Americam
750 2009 883 2051 cursum
894 1997 1007 2052 tenere
1020 1989 1144 2051 maluit
1185 1986 1251 2051 Sed

153 2097 266 2171 paucis
284 2100 360 2171 post
373 2090 489 2154 diebus
506 2091 593 2155 Galli
606 2092 750 2175 quidam,
762 2102 820 2174 qui
835 2113 895 2174 per
912 2093 1015 2155 maria
1029 2092 1141 2155 omnia
1157 2111 1251 2174 prae·

151 2194 448 2276 damquaerebant,
458 2194 529 2257 eius
540 2202 835 2277 navemcepr'rrunt‚
844 2195 1019 2279 ipsumque
1030 2203 1251 2259 suamnavem

151 2297 285 2378 longam
310 2304 491 2379 coegerunt
512 2300 746 2363 conscendere.
795 2300 945 2363 ibicum
970 2307 1163 2375 morire'ttur,
1180 2300 1252 2361 eius

113 2419 140 2471 15
151 2411 282 2478 nautae,
300 2409 357 2484 qui
371 2402 507 2467 domum
524 2403 632 2466 redire
648 2403 713 2465 iam
730 2403 786 2466 diu
802 2404 967 2477 volebant,
986 2404 1071 2466 clam
1088 2404 1252 2467 dederunt

149 2506 233 2580 vela,
251 2506 498 2588 incolumesque
511 2505 544 2568 in
557 2507 763 2570 Britanniam
778 2515 1009 2589 pervenerunt.
1058 2506 1127 2571 Ubi
1139 2517 1251 2570 tamen

151 2615 276 2690 poenas
302 2615 418 2690 postea
439 2609 603 2672 dederunt
626 2630 699 2672 cum
723 2610 856 2672 demum
886 2611 1025 2674 redisset
1051 2610 1169 2685 Faber,
1195 2618 1251 2693 qui

150 2728 226 2771 cum
244 2708 355 2772 Gallis
378 2708 434 2770 diu
460 2708 617 2798 navigare
640 2715 776 2773 coactus
795 2719 876 2774 erat.
925 2709 1117 2792 Numquam
1134 2717 1252 2792 postea

150 2812 204 2875 ille
220 2811 383 2875 coloniam
399 2812 565 2875 deducere
581 2819 719 2876 conatus
735 2821 795 2876 est.

193 3044 219 3080 α.
244 3029 280 3080 ad
300 3066 307 3080 .
329 3066 336 3080 .
358 3065 366 3081 .
386 3041 498 3080 versus:
530 3027 600 3101 for3
637 3025 673 3082 ci.
772 3046 812 3093 ¹4·
838 3033 999 3084 moriretur:
1018 3047 1079 3084 was
1090 3029 1226 3084 detained.

149 3106 247 3176 p.›2,l.
266 3121 305 3176 13.
772 3125 812 3174 ¹5·
838 3111 894 3163 iam
923 3113 985 3164 diu:
1024 3111 1052 3163 in
1086 3111 1252 3164 connection

193 3193 217 3237 6.
244 3189 325 3252 pauli
348 3189 427 3252 post:
455 3204 473 3240 a
498 3185 568 3240 little
594 3185 673 3254 later,
725 3190 790 3243 with
815 3191 883 3246 such
913 3190 1051 3245 adverbia}
1083 3191 1172 3244 words
1197 3190 1251 3242 and

149 3265 188 3319 lit.
209 3268 370 3337 afterwartl
385 3268 416 3335 by
427 3285 445 3320 a
460 3267 545 3332 lr'ttle5
559 3265 593 3322 cs.
608 3281 675 3332 pau·
723 3270 837 3338 phrases
857 3290 888 3325 as
906 3274 969 3335 iam,
989 3274 1045 3323 iam
1062 3273 1116 3337 iii,
1135 3279 1198 3336 etc„
1216 3288 1251 3323 an

149 3351 188 3399 cis
205 3351 268 3412 post
286 3350 388 3415 diebus,
406 3366 435 3417 p.
450 3363 474 3416 3,
488 3347 506 3400 l.
524 3362 677 3413 14.-pro-
728 3349 832 3420 imperf.
850 3351 900 3405 has
912 3352 1012 3406 almost
1027 3351 1074 3406 the
1092 3351 1165 3406 force
1183 3349 1215 3404 of
1236 3367 1251 3403 a

149 3427 252 3481 fectus:
273 3426 308 3482 cf.
321 3427 369 3483 the
388 3436 452 3482 note
462 3445 500 3482 on
518 3428 594 3496 faeti,
608 3446 636 3497 p.
650 3442 674 3495 7.
726 3430 1250 3500 pluperf.-ieieruntvelazsoventis

148 3507 166 3562 l.
182 3522 192 3561 1
197 3522 222 3578 ς.
344 3509 346 3512 ⁴
724 3510 766 3564 ic.
779 3518 819 3564 set
836 3512 898 3565 sail.

192 3607 218 3652 9.
245 3591 352 3642 inventi
374 3593 510 3643 sunt...
530 3606 604 3643 esse:
633 3595 673 3642 tle.
770 3599 810 3644 16.
836 3593 997 3646 incolumis:
1021 3593 1055 3647 cs.
1081 3611 1107 3662 p.
1130 3609 1155 3659 4,
1174 3596 1192 3646 1.
1213 3612 1241 3655 14

152 3671 262 3738 proved
283 3675 311 3722 to
334 3671 379 3735 be3
411 3669 451 3724 lit.
472 3669 675 3724 whati-Eu-
728 3673 831 3725 -ubiz
852 3690 898 3726 see
921 3675 966 3725 the
989 3685 1053 3727 note
1073 3691 1109 3727 on
1134 3691 1161 3743 p.
1183 3693 1238 3739 4‚.

148 3753 227 3814 ripa:
248 3757 312 3802 note
326 3749 373 3804 the
385 3767 457 3804 case.
728 3765 770 3817 14.
