2700 4186
318 675 503 753 TALES
542 678 615 752 OF
654 677 813 793 LAND
852 678 975 751 AND
1012 678 1119 754 ΒΕΑ

570 925 754 990 LESSON
785 925 830 1004 46

505 1108 572 1174 The
596 1109 745 1174 Settlers
768 1109 943 1193 Dauglzter

210 1263 250 1327 ln
276 1265 447 1328 Britannia
462 1265 570 1328 ‚Nova
593 1265 762 1347 quondam
786 1265 961 1345 agricolae,
979 1274 1036 1347 qui
1059 1286 1193 1347 semper
1215 1267 1268 1328 im«

166 1376 262 1449 petus
279 1369 441 1432 timebant
459 1370 627 1443 Indorum,
646 1368 677 1430 in
696 1376 794 1448 agros
812 1369 932 1430 cotidie
946 1377 1058 1431 secum
1072 1390 1164 1431 arma
1182 1371 1272 1434 ferre

163 1473 333 1549 solebant3
358 1494 396 1535 ac
414 1494 519 1555 prope
531 1473 698 1556 quendam
713 1482 821 1534 vicum
838 1473 871 1532 in
890 1472 972 1535 colle
990 1473 1079 1535 edito
1096 1473 1270 1536 castellum

163 1596 295 1658 quoque
320 1577 463 1658 positum
492 1588 572 1651 erat,
598 1585 672 1659 quo,
699 1587 727 1638 si
757 1576 891 1658 quando
923 1597 1007 1656 opus
1038 1586 1135 1652 esset,
1161 1579 1271 1640 coloni

138 1680 283 1756 sliberos
300 1689 486 1764 uxoresque
498 1682 610 1745 statim
624 1681 837 1743 deducerent.
886 1679 963 1762 Quo
980 1701 1019 1742 ex
1036 1682 1174 1743 castello
1191 1682 1270 1743 olim

163 1793 295 1864 signum
313 1785 421 1848 subito
444 1785 558 1848 datum
583 1797 634 1848 est
657 1785 759 1846 indos
775 1784 902 1846 adesse.
953 1785 1028 1846 Hoc
1045 1785 1167 1858 audito,
1186 1789 1269 1866 agri-

162 1889 262 1961 colae,
277 1898 371 1970 equis
383 1890 415 1950 in
434 1899 522 1970 agris
540 1890 611 1952 sine
628 1895 720 1950 mora
732 1887 863 1962 relictis,
879 1889 920 1949 ad
933 1889 1027 1950 villas
1041 1897 1267 1962 cucurrerunt,

161 2002 195 2054 et
207 1993 361 2054 mulieres
375 2013 412 2055 ac
430 1992 549 2056 liberos
563 2013 662 2075 quam
676 1991 848 2055 celerrime
861 1993 894 2052 in
912 1993 1083 2054 castellum
1102 1993 1268 2058 deducere

161 2104 351 2176 coeperunt.

123 2228 152 2266 ιο
205 2199 252 2261 At
276 2199 324 2260 vir
348 2201 492 2281 quidam,
511 2201 564 2263 cui
587 2211 657 2263 erat
681 2200 751 2261 filia
775 2209 913 2274 tantum,
933 2200 974 2261 ad
992 2201 1162 2262 castellum
1189 2222 1266 2264 cum

159 2310 199 2366 ea
223 2313 396 2383 pervenire
419 2313 487 2366 non
520 2306 636 2385 potuit,
664 2304 855 2385 priusquam
890 2304 966 2364 Indi
989 2305 1021 2364 in
1047 2312 1264 2385 conspectum

159 2415 340 2484 venerunt;
364 2408 476 2491 itaque
501 2410 645 2489 puellam
671 2427 807 2488 parvam
829 2408 862 2467 in
880 2406 996 2469 arbore
1021 2415 1102 2469 cava
1126 2409 1266 2472 colloca-

160 2510 214 2586 vit,
240 2519 281 2573 ne
306 2512 417 2575 hostes
441 2532 514 2574 eam
540 2512 688 2574 invenire
714 2521 860 2592 possent,
879 2513 1026 2592 ipseque,
1045 2521 1082 2574 ut
1105 2512 1264 2576 auxilium

86 2668 88 2672 .
159 2610 284 2677 civssius
302 2625 369 2677 suis
386 2616 498 2690 ferret,
517 2636 576 2696 per
592 2624 689 2697 agros
706 2616 836 2678 fortiter
853 2615 1033 2677 contendit.

120 2754 146 2808 ¹5
203 2719 242 2779 In
275 2719 408 2799 proelio,
434 2720 522 2801 quod
547 2730 598 2782 est
621 2719 665 2781 ibi
690 2720 912 2793 commissum,
931 2718 973 2780 ab
999 2719 1091 2781 Indis
1111 2729 1208 2800 capti,
1227 2721 1262 2783 in

159 2822 257 2884 silvas
282 2824 479 2905 longinquas
504 2823 638 2885 deducti
661 2833 739 2885 sunt
762 2821 928 2902 agricolae
953 2831 1060 2903 pauci,
1077 2825 1108 2884 in
1134 2833 1181 2886 eis
1205 2823 1261 2888 ille

159 2925 215 2998 vir,
229 2926 271 2987 de
287 2934 352 3007 quo
370 2927 467 2988 modo
481 2927 554 2988 dixi.
604 2927 776 3008 Oppidani
788 2926 912 2988 scilicet
926 2927 1137 2989 crediderunt
1154 2928 1258 2990 filiam

158 3036 224 3091 una
239 3049 314 3092 cum
333 3040 426 3111 patre
450 3040 581 3112 captam
599 3051 691 3093 esse:
717 3030 774 3093 sed
791 3029 846 3092 ille
863 3030 974 3092 multis
991 3040 1066 3110 post
1090 3031 1258 3096 mensibus

200 3236 226 3282 3.
252 3220 340 3272 edito:
365 3220 463 3282 editus,
478 3235 513 3286 -a,
527 3235 593 3286 -um,
609 3218 681 3288 ht'glu
795 3226 821 3272 8.
847 3234 930 3285 quam
949 3221 1100 3272 celerrime:
1122 3220 1157 3274 cf.
1172 3238 1198 3291 p.
1214 3235 1256 3288 47,

198 3313 225 3364 4.
251 3303 318 3364 quo:
356 3298 390 3353 cf.
424 3304 484 3366 quo,
508 3318 535 3369 p.
555 3314 598 3366 47,
617 3299 634 3352 l.
654 3315 679 3352 2.
732 3297 752 3353 l.
769 3314 810 3365 14.

167 3382 224 3431 -si
243 3381 364 3445 quando:
387 3380 419 3450 if
433 3386 464 3433 at
484 3397 540 3449 any
558 3383 632 3435 time.
650 3397 682 3434 or
778 3398 818 3431 11.
843 3382 1016 3446 priusquam:
1036 3383 1081 3435 tle.
1101 3384 1254 3447 antequam.

156 3459 310 3513 whenever.
325 3474 439 3526 —opus
476 3465 563 3513 esset:
605 3471 681 3513 mere
778 3476 818 3523 15.
845 3465 946 3513 est..
971 3501 977 3512 .
1001 3464 1190 3515 commissum:
1210 3466 1247 3517 i.e

43 3561 44 3565 ¹
155 3540 256 3594 should
276 3541 306 3594 bc
330 3542 404 3593 need.
731 3543 904 3594 commissum
922 3545 973 3593 est.

201 3635 226 3687 7.
253 3623 420 3674 sinemuri:
448 3622 647 3690 i.e.instantly.
780 3628 820 3673 16.
848 3623 944 3674 ineis:
966 3621 1039 3691 cip.
1052 3621 1125 3690 38,1.
1142 3636 1179 3691 14

689 3729 721 3785 ⁵4
